@ARTICLE{meiboom1958modified,
   author = {{Meiboom}, S. and {Gill}, D.},
    title = "{Modified Spin-Echo Method for Measuring Nuclear Relaxation Times}",
  journal = {Review of Scientific Instruments},
     year = 1958,
    month = aug,
   volume = 29,
    pages = {688-691},
      doi = {10.1063/1.1716296},
   adsurl = {http://adsabs.harvard.edu/abs/1958RScI...29..688M},
  adsnote = {Provided by the SAO/NASA Astrophysics Data System}
}

@ARTICLE{carr1954effects,
   author = {{Carr}, H.~Y. and {Purcell}, E.~M.},
    title = "{Effects of Diffusion on Free Precession in Nuclear Magnetic Resonance Experiments}",
  journal = {Physical Review},
     year = 1954,
    month = may,
   volume = 94,
    pages = {630-638},
      doi = {10.1103/PhysRev.94.630},
   adsurl = {http://adsabs.harvard.edu/abs/1954PhRv...94..630C},
  adsnote = {Provided by the SAO/NASA Astrophysics Data System}
}

@ARTICLE{kitazawa2017vector,
   author = {{Kitazawa}, S. and {Matsuzaki}, Y. and {Saijo}, S. and {Kakuyanagi}, K. and 
	{Saito}, S. and {Ishi-Hayase}, J.},
    title = "{Vector-magnetic-field sensing via multifrequency control of nitrogen-vacancy centers in diamond}",
  journal = {\pra},
archivePrefix = "arXiv",
   eprint = {1706.04753},
 primaryClass = "quant-ph",
     year = 2017,
    month = oct,
   volume = 96,
   number = 4,
      eid = {042115},
    pages = {042115},
      doi = {10.1103/PhysRevA.96.042115},
   adsurl = {http://adsabs.harvard.edu/abs/2017PhRvA..96d2115K},
  adsnote = {Provided by the SAO/NASA Astrophysics Data System}
}

@ARTICLE{zhang2018vector,
  author={Chen Zhang and Heng Yuan and Ning Zhang and Lixia Xu and Jixing Zhang and Bo Li and Jiancheng Fang},
  title={Vector magnetometer based on synchronous manipulation of nitrogen-vacancy centers in all crystal directions},
  journal={Journal of Physics D: Applied Physics},
  volume={51},
  number={15},
  pages={155102},
  url={http://stacks.iop.org/0022-3727/51/i=15/a=155102},
  year={2018}
}

@ARTICLE{hartnett2006sapphireshim, 
author={J. G. Hartnett and M. E. Tobar and E. N. Ivanov and J. Krupka}, 
journal={IEEE Transactions on Ultrasonics, Ferroelectrics, and Frequency Control}, 
title={Room temperature measurement of the anisotropic loss tangent of sapphire using the whispering gallery mode technique}, 
year={2006}, 
volume={53}, 
number={1}, 
pages={34-38}, 
doi={10.1109/TUFFC.2006.1588389}, 
ISSN={0885-3010}, 
month={Jan}
}

@ARTICLE{twig2013ultra,
   author = {Twig, Y. and Dikarov, E. and Blank, A.},
    title = {Ultra miniature resonators for electron spin resonance: Sensitivity analysis, design and construction methods, and potential applications},
  journal = {Molecular Physics},
     year = 2013,
    month = oct,
   volume = 111,
    pages = {2674-2682},
      doi = {10.1080/00268976.2012.762463}
}

@ARTICLE{li2010design,
   author = {{Yang}, L.-L. and {Liu}, Q.-Q. and {Pan}, X.-Y. and {Chen}, D.-M.
	},
    title = "{Design and Application of a Near Field Microwave Antenna for the Spin Control of Nitrogen-Vacancy Centers}",
  journal = {Chinese Physics Letters},
     year = 2010,
    month = mar,
   volume = 27,
   number = 3,
      eid = {038401},
    pages = {038401},
      doi = {10.1088/0256-307X/27/3/038401},
   adsurl = {http://adsabs.harvard.edu/abs/2010ChPhL..27c8401Y},
  adsnote = {Provided by the SAO/NASA Astrophysics Data System}
}


@ARTICLE{gaebel2006room,
   author = {{Gaebel}, T. and {Domhan}, M. and {Popa}, I. and {Wittmann}, C. and 
	{Neumann}, P. and {Jelezko}, F. and {Rabeau}, J.~R. and {Stavrias}, N. and 
	{Greentree}, A.~D. and {Prawer}, S. and {Meijer}, J. and {Twamley}, J. and 
	{Hemmer}, P.~R. and {Wrachtrup}, J.},
    title = "{Room-temperature coherent coupling of single spins in diamond}",
  journal = {Nature Physics},
   eprint = {quant-ph/0605038},
     year = 2006,
    month = jun,
   volume = 2,
    pages = {408-413},
      doi = {10.1038/nphys318},
   adsurl = {http://adsabs.harvard.edu/abs/2006NatPh...2..408G},
  adsnote = {Provided by the SAO/NASA Astrophysics Data System}
}

@ARTICLE{pfenninger1995general,
   author = {{Pfenninger}, S. and {Froncisz}, W. and {Forrer}, J. and {Luglio}, J. and 
	{Hyde}, J.~S.},
    title = "{General method for adjusting the quality factor of EPR resonators}",
  journal = {Review of Scientific Instruments},
     year = 1995,
    month = oct,
   volume = 66,
    pages = {4857-4865},
      doi = {10.1063/1.1146165},
   adsurl = {http://adsabs.harvard.edu/abs/1995RScI...66.4857P},
  adsnote = {Provided by the SAO/NASA Astrophysics Data System}
}


@ARTICLE{peshkovsky2005rf,
   author = {{Peshkovsky}, A.~S. and {Forguez}, J. and {Cerioni}, L. and 
	{Pusiol}, D.~J.},
    title = "{RF probe recovery time reduction with a novel active ringing suppression circuit}",
  journal = {Journal of Magnetic Resonance},
     year = 2005,
    month = nov,
   volume = 177,
    pages = {67-73},
      doi = {10.1016/j.jmr.2005.07.004},
   adsurl = {http://adsabs.harvard.edu/abs/2005JMagR.177...67P},
  adsnote = {Provided by the SAO/NASA Astrophysics Data System}
}

@ARTICLE{wood1984loop,
   author = {{Wood}, R.~L. and {Froncisz}, W. and {Hyde}, J.~S.},
    title = "{The loop-gap resonator. II. Controlled return flux three-loop, two-gap microwave resonators for ENDOR and ESR spectroscopy}",
  journal = {Journal of Magnetic Resonance},
     year = 1984,
   volume = 58,
    pages = {243-253},
      doi = {10.1016/0022-2364(84)90214-2},
   adsurl = {http://adsabs.harvard.edu/abs/1984JMagR..58..243W},
  adsnote = {Provided by the SAO/NASA Astrophysics Data System}
}

@ARTICLE{borneman2012bandwidth,
   author = {{Borneman}, T.~W. and {Cory}, D.~G.},
    title = "{Bandwidth-limited control and ringdown suppression in high-Q resonators}",
  journal = {Journal of Magnetic Resonance},
archivePrefix = "arXiv",
   eprint = {1207.1139},
 primaryClass = "quant-ph",
     year = 2012,
    month = dec,
   volume = 225,
    pages = {120-129},
      doi = {10.1016/j.jmr.2012.10.011},
   adsurl = {http://adsabs.harvard.edu/abs/2012JMagR.225..120B},
  adsnote = {Provided by the SAO/NASA Astrophysics Data System}
}


@ARTICLE{tabuchi2010total,
   author = {{Tabuchi}, Y. and {Negoro}, M. and {Takeda}, K. and {Kitagawa}, M.
	},
    title = "{Total compensation of pulse transients inside a resonator}",
  journal = {Journal of Magnetic Resonance},
     year = 2010,
    month = jun,
   volume = 204,
    pages = {327-332},
      doi = {10.1016/j.jmr.2010.03.014},
   adsurl = {http://adsabs.harvard.edu/abs/2010JMagR.204..327T},
  adsnote = {Provided by the SAO/NASA Astrophysics Data System}
}


@book{rinard2005loopgap,
  title={Loop-Gap Resonators},
  author={Rinard, George A. and Eaton, Gareth R.},
  booktitle={Biomedical EPR, Part B: Methodology, Instrumentation, and Dynamics},
  year = {2005},
  publisher = {Kluwer Academic/Plenum Publishers},
  pages = {19-52}
}


@incollection{Rinard,
  title={Loop-Gap Resonators},
  author={Rinard, George A. and Eaton, Gareth R.},
  booktitle={Biomedicaladadfasdf},
  pages={\href{https://link.springer.com/chapter/10.1007/978-3-319-34070-8_18}{553--576}},
  year={\href{https://link.springer.com/chapter/10.1007/978-3-319-34070-8_18}{2017}},
  publisher={\href{https://link.springer.com/chapter/10.1007/978-3-319-34070-8_18}{Springer}}
}

@ARTICLE{davis2018mapping,
   author = {{Davis}, H.~C. and {Ramesh}, P. and {Bhatnagar}, A. and {Lee-Gosselin}, A. and 
	{Barry}, J.~F. and {Glenn}, D.~R. and {Walsworth}, R.~L. and 
	{Shapiro}, M.~G.},
    title = "{Mapping the Microscale Origins of MRI Contrast with Subcellular NV Diamond Magnetometry}",
  journal = {Nature Communications},
  volume = 9,
      eid = {131},
    pages = {131},
     year = 2018,
    month = jan,
      doi = {10.1038/s41467-017-02471-7},
}

@ARTICLE{simpson2016magneto,
   author = {{Simpson}, D.~A. and {Tetienne}, J.-P. and {McCoey}, J.~M. and 
	{Ganesan}, K. and {Hall}, L.~T. and {Petrou}, S. and {Scholten}, R.~E. and 
	{Hollenberg}, L.~C.~L.},
    title = "{Magneto-optical imaging of thin magnetic films using spins in diamond}",
  journal = {Scientific Reports},
archivePrefix = "arXiv",
   eprint = {1508.02135},
 primaryClass = "cond-mat.mes-hall",
     year = 2016,
    month = mar,
   volume = 6,
      eid = {22797},
    pages = {22797},
      doi = {10.1038/srep22797},
   adsurl = {http://adsabs.harvard.edu/abs/2016NatSR...622797S},
  adsnote = {Provided by the SAO/NASA Astrophysics Data System}
}


@ARTICLE{wickenbrock2016microwave,
   author = {{Wickenbrock}, A. and {Zheng}, H. and {Bougas}, L. and {Leefer}, N. and 
	{Afach}, S. and {Jarmola}, A. and {Acosta}, V.~M. and {Budker}, D.
	},
    title = "{Microwave-free magnetometry with nitrogen-vacancy centers in diamond}",
  journal = {Applied Physics Letters},
archivePrefix = "arXiv",
   eprint = {1606.03070},
 primaryClass = "cond-mat.mes-hall",
     year = 2016,
    month = aug,
   volume = 109,
   number = 5,
      eid = {053505},
    pages = {053505},
      doi = {10.1063/1.4960171},
   adsurl = {http://adsabs.harvard.edu/abs/2016ApPhL.109e3505W},
  adsnote = {Provided by the SAO/NASA Astrophysics Data System}
}


@ARTICLE{akhmedzhanov2017microwave,
   author = {{Akhmedzhanov}, R. and {Gushchin}, L. and {Nizov}, N. and {Nizov}, V. and 
	{Sobgayda}, D. and {Zelensky}, I. and {Hemmer}, P.},
    title = "{Microwave-free magnetometry based on cross-relaxation resonances in diamond nitrogen-vacancy centers}",
  journal = {\pra},
     year = 2017,
    month = jul,
   volume = 96,
   number = 1,
      eid = {013806},
    pages = {013806},
      doi = {10.1103/PhysRevA.96.013806},
   adsurl = {http://adsabs.harvard.edu/abs/2017PhRvA..96a3806A},
  adsnote = {Provided by the SAO/NASA Astrophysics Data System}
}

@ARTICLE{waldherr2011violation,
   author = {{Waldherr}, G. and {Neumann}, P. and {Huelga}, S.~F. and {Jelezko}, F. and 
	{Wrachtrup}, J.},
    title = "{Violation of a Temporal Bell Inequality for Single Spins in a Diamond Defect Center}",
  journal = {Physical Review Letters},
 keywords = {Entanglement and quantum nonlocality, Foundations of quantum mechanics, measurement theory, Color centers and other defects},
     year = 2011,
    month = aug,
   volume = 107,
   number = 9,
      eid = {090401},
    pages = {090401},
      doi = {10.1103/PhysRevLett.107.090401},
   adsurl = {http://adsabs.harvard.edu/abs/2011PhRvL.107i0401W},
  adsnote = {Provided by the SAO/NASA Astrophysics Data System}
}


@ARTICLE{vanoort1988optically,
   author = {{van Oort}, E. and {Manson}, N.~B. and {Glasbeek}, M.},
    title = "{Optically detected spin coherence of the diamond N-V centre in its triplet ground state}",
  journal = {Journal of Physics C Solid State Physics},
     year = 1988,
    month = aug,
   volume = 21,
    pages = {4385-4391},
      doi = {10.1088/0022-3719/21/23/020},
   adsurl = {http://adsabs.harvard.edu/abs/1988JPhC...21.4385V},
  adsnote = {Provided by the SAO/NASA Astrophysics Data System}
}

@ARTICLE{nizovtsev2003nv,
   author = {{Nizovtsev}, A.~P. and {Kilin}, S.~Y. and {Jelezko}, F. and 
	{Popa}, I. and {Gruber}, A. and {Wrachtrup}, J.},
    title = "{NV centers in diamond: spin-selective photokinetics, optical ground-state spin alignment and hole burning}",
  journal = {Physica B Condensed Matter},
 keywords = {Single defect, Quantum optics, NV center, Diamond},
     year = 2003,
    month = dec,
   volume = 340,
    pages = {106-110},
      doi = {10.1016/j.physb.2003.09.014},
   adsurl = {http://adsabs.harvard.edu/abs/2003PhyB..340..106N},
  adsnote = {Provided by the SAO/NASA Astrophysics Data System}
}


@ARTICLE{hensen2016loophole,
   author = {{Hensen}, B. and {Kalb}, N. and {Blok}, M.~S. and {Dr{\'e}au}, A.~E. and 
	{Reiserer}, A. and {Vermeulen}, R.~F.~L. and {Schouten}, R.~N. and 
	{Markham}, M. and {Twitchen}, D.~J. and {Goodenough}, K. and 
	{Elkouss}, D. and {Wehner}, S. and {Taminiau}, T.~H. and {Hanson}, R.
	},
    title = "{Loophole-free Bell test using electron spins in diamond: second experiment and additional analysis}",
  journal = {Scientific Reports},
archivePrefix = "arXiv",
   eprint = {1603.05705},
 primaryClass = "quant-ph",
     year = 2016,
    month = aug,
   volume = 6,
      eid = {30289},
    pages = {30289},
      doi = {10.1038/srep30289},
   adsurl = {http://adsabs.harvard.edu/abs/2016NatSR...630289H},
  adsnote = {Provided by the SAO/NASA Astrophysics Data System}
}


@ARTICLE{maletinsky2012arobust,
   author = {{Maletinsky}, P. and {Hong}, S. and {Grinolds}, M.~S. and {Hausmann}, B. and 
	{Lukin}, M.~D. and {Walsworth}, R.~L. and {Loncar}, M. and {Yacoby}, A.
	},
    title = "{A robust scanning diamond sensor for nanoscale imaging with single nitrogen-vacancy centres}",
  journal = {Nature Nanotechnology},
archivePrefix = "arXiv",
   eprint = {1108.4437},
 primaryClass = "cond-mat.mes-hall",
     year = 2012,
    month = may,
   volume = 7,
    pages = {320-324},
      doi = {10.1038/nnano.2012.50},
   adsurl = {http://adsabs.harvard.edu/abs/2012NatNa...7..320M},
  adsnote = {Provided by the SAO/NASA Astrophysics Data System}
}


@ARTICLE{tetienne2017quantum,
   author = {{Tetienne}, J.-P. and {Dontschuk}, N. and {Broadway}, D.~A. and 
	{Stacey}, A. and {Simpson}, D.~A. and {Hollenberg}, L.~C.~L.
	},
    title = "{Quantum imaging of current flow in graphene}",
  journal = {Science Advances},
archivePrefix = "arXiv",
   eprint = {1609.09208},
 primaryClass = "cond-mat.mes-hall",
     year = 2017,
    month = apr,
   volume = 3,
    pages = {e1602429},
      doi = {10.1126/sciadv.1602429},
   adsurl = {http://adsabs.harvard.edu/abs/2017SciA....3E2429T},
  adsnote = {Provided by the SAO/NASA Astrophysics Data System}
}


@ARTICLE{laraoui2015imaging,
   author = {{Laraoui}, A. and {Aycock-Rizzo}, H. and {Gao}, Y. and {Lu}, X. and 
	{Riedo}, E. and {Meriles}, C.~A.},
    title = "{Imaging thermal conductivity with nanoscale resolution using a scanning spin probe}",
  journal = {Nature Communications},
archivePrefix = "arXiv",
   eprint = {1511.06916},
 primaryClass = "cond-mat.mes-hall",
     year = 2015,
    month = nov,
   volume = 6,
      eid = {8954},
    pages = {8954},
      doi = {10.1038/ncomms9954},
   adsurl = {http://adsabs.harvard.edu/abs/2015NatCo...6E8954L},
  adsnote = {Provided by the SAO/NASA Astrophysics Data System}
}

@ARTICLE{maertz2010vector,
   author = {{Maertz}, B.~J. and {Wijnheijmer}, A.~P. and {Fuchs}, G.~D. and 
	{Nowakowski}, M.~E. and {Awschalom}, D.~D.},
    title = "{Vector magnetic field microscopy using nitrogen vacancy centers in diamond}",
  journal = {Applied Physics Letters},
archivePrefix = "arXiv",
   eprint = {0912.1355},
 primaryClass = "cond-mat.mes-hall",
 keywords = {diamond, ground states, magnetic fields, triplet state, vacancies (crystal), Magnetic impurity interactions, Excitons and related phenomena, Vacancies},
     year = 2010,
    month = mar,
   volume = 96,
   number = 9,
      eid = {092504},
    pages = {092504},
      doi = {10.1063/1.3337096},
   adsurl = {http://adsabs.harvard.edu/abs/2010ApPhL..96i2504M},
  adsnote = {Provided by the SAO/NASA Astrophysics Data System}
}

@article{chen2017high,
  title = {High-sensitivity spin-based electrometry with an ensemble of nitrogen-vacancy centers in diamond},
  author = {Chen, Edward H. and Clevenson, Hannah A. and Johnson, Kerry A. and Pham, Linh M. and Englund, Dirk R. and Hemmer, Philip R. and Braje, Danielle A.},
  journal = {Phys. Rev. A},
  volume = {95},
  issue = {5},
  pages = {053417},
  numpages = {7},
  year = {2017},
  month = {May},
  publisher = {American Physical Society},
  doi = {10.1103/PhysRevA.95.053417},
  url = {https://link.aps.org/doi/10.1103/PhysRevA.95.053417}
}

@ARTICLE{lovchinsky2016nuclear,
   author = {{Lovchinsky}, I. and {Sushkov}, A.~O. and {Urbach}, E. and {de Leon}, N.~P. and 
	{Choi}, S. and {De Greve}, K. and {Evans}, R. and {Gertner}, R. and 
	{Bersin}, E. and {M{\"u}ller}, C. and {McGuinness}, L. and {Jelezko}, F. and 
	{Walsworth}, R.~L. and {Park}, H. and {Lukin}, M.~D.},
    title = "{Nuclear magnetic resonance detection and spectroscopy of single proteins using quantum logic}",
  journal = {Science},
     year = 2016,
    month = feb,
   volume = 351,
    pages = {836-841},
      doi = {10.1126/science.aad8022},
   adsurl = {http://adsabs.harvard.edu/abs/2016Sci...351..836L},
  adsnote = {Provided by the SAO/NASA Astrophysics Data System}
}

@ARTICLE{Sushkov2013magnetic,
   author = {{Sushkov}, A.~O. and {Lovchinsky}, I. and {Chisholm}, N. and 
	{Walsworth}, R.~L. and {Park}, H. and {Lukin}, M.~D.},
    title = "{Magnetic Resonance Detection of Individual Proton Spins Using Quantum Reporters}",
  journal = {Physical Review Letters},
archivePrefix = "arXiv",
   eprint = {1410.1355},
 primaryClass = "quant-ph",
 keywords = {Color centers and other defects, Magnetometers for susceptibility magnetic moment and magnetization measurements, Spin echoes, Structure determination with NMR},
     year = 2014,
    month = nov,
   volume = 113,
   number = 19,
      eid = {197601},
    pages = {197601},
      doi = {10.1103/PhysRevLett.113.197601},
   adsurl = {http://adsabs.harvard.edu/abs/2014PhRvL.113s7601S},
  adsnote = {Provided by the SAO/NASA Astrophysics Data System}
}

@ARTICLE{Bucher2017high,
   author = {{Bucher}, D.~B. and {Glenn}, D.~R. and {Lee}, J. and {Lukin}, M.~D. and 
	{Park}, H. and {Walsworth}, R.~L.},
    title = "{High Resolution Magnetic Resonance Spectroscopy Using Solid-State Spins}",
  journal = {ArXiv e-prints},
archivePrefix = "arXiv",
   eprint = {1705.08887},
 primaryClass = "quant-ph",
 keywords = {Quantum Physics},
     year = 2017,
    month = may,
   adsurl = {http://adsabs.harvard.edu/abs/2017arXiv170508887B},
  adsnote = {Provided by the SAO/NASA Astrophysics Data System}
}


@ARTICLE{kucsko2013nanometre,
   author = {{Kucsko}, G. and {Maurer}, P.~C. and {Yao}, N.~Y. and {Kubo}, M. and 
	{Noh}, H.~J. and {Lo}, P.~K. and {Park}, H. and {Lukin}, M.~D.
	},
    title = "{Nanometre-scale thermometry in a living cell}",
  journal = {\nat},
archivePrefix = "arXiv",
   eprint = {1304.1068},
 primaryClass = "quant-ph",
     year = 2013,
    month = aug,
   volume = 500,
    pages = {54-58},
      doi = {10.1038/nature12373},
   adsurl = {http://adsabs.harvard.edu/abs/2013Natur.500...54K},
  adsnote = {Provided by the SAO/NASA Astrophysics Data System}
}


@ARTICLE{kehayias2017solution,
   author = {{Kehayias}, P. and {Jarmola}, A. and {Mosavian}, N. and {Fescenko}, I. and 
	{Benito}, F.~M. and {Laraoui}, A. and {Smits}, J. and {Bougas}, L. and 
	{Budker}, D. and {Neumann}, A. and {Brueck}, S.~R.~J. and {Acosta}, V.~M.
	},
    title = "{Solution nuclear magnetic resonance spectroscopy on a nanostructured diamond chip}",
  journal = {Nature Communications},
archivePrefix = "arXiv",
   eprint = {1701.01401},
 primaryClass = "cond-mat.mes-hall",
     year = 2017,
    month = aug,
   volume = 8,
      eid = {188},
    pages = {188},
      doi = {10.1038/s41467-017-00266-4},
   adsurl = {http://adsabs.harvard.edu/abs/2017NatCo...8..188K},
  adsnote = {Provided by the SAO/NASA Astrophysics Data System}
}


@ARTICLE{devience2015nanoscale,
   author = {{Devience}, S.~J. and {Pham}, L.~M. and {Lovchinsky}, I. and 
	{Sushkov}, A.~O. and {Bar-Gill}, N. and {Belthangady}, C. and 
	{Casola}, F. and {Corbett}, M. and {Zhang}, H. and {Lukin}, M. and 
	{Park}, H. and {Yacoby}, A. and {Walsworth}, R.~L.},
    title = "{Nanoscale NMR spectroscopy and imaging of multiple nuclear species}",
  journal = {Nature Nanotechnology},
archivePrefix = "arXiv",
   eprint = {1406.3365},
 primaryClass = "quant-ph",
     year = 2015,
    month = feb,
   volume = 10,
    pages = {129-134},
      doi = {10.1038/nnano.2014.313},
   adsurl = {http://adsabs.harvard.edu/abs/2015NatNa..10..129D},
  adsnote = {Provided by the SAO/NASA Astrophysics Data System}
}


@ARTICLE{myers2017double,
   author = {{Myers}, B.~A. and {Ariyaratne}, A. and {Jayich}, A.~C.~B.},
    title = "{Double-Quantum Spin-Relaxation Limits to Coherence of Near-Surface Nitrogen-Vacancy Centers}",
  journal = {Physical Review Letters},
archivePrefix = "arXiv",
   eprint = {1607.02553},
 primaryClass = "cond-mat.mes-hall",
     year = 2017,
    month = may,
   volume = 118,
   number = 19,
      eid = {197201},
    pages = {197201},
      doi = {10.1103/PhysRevLett.118.197201},
   adsurl = {http://adsabs.harvard.edu/abs/2017PhRvL.118s7201M},
  adsnote = {Provided by the SAO/NASA Astrophysics Data System}
}


@ARTICLE{bargill2013solid,
   author = {{Bar-Gill}, N. and {Pham}, L.~M. and {Jarmola}, A. and {Budker}, D. and 
	{Walsworth}, R.~L.},
    title = "{Solid-state electronic spin coherence time approaching one second}",
  journal = {Nature Communications},
archivePrefix = "arXiv",
   eprint = {1211.7094},
 primaryClass = "quant-ph",
     year = 2013,
    month = apr,
   volume = 4,
      eid = {1743},
    pages = {1743},
      doi = {10.1038/ncomms2771},
   adsurl = {http://adsabs.harvard.edu/abs/2013NatCo...4E1743B},
  adsnote = {Provided by the SAO/NASA Astrophysics Data System}
}


@ARTICLE{bauch2018ultralong,
   author = {{Bauch}, E. and {Hart}, C.~A. and {Schloss}, J.~M. and {Turner}, M.~J. and 
	{Barry}, J.~F. and {Kehayias}, P. and {Singh}, S. and {Walsworth}, R.~L.
	},
    title = "{Ultralong Dephasing Times in Solid-State Spin Ensembles via Quantum Control}",
  journal = {ArXiv e-prints},
archivePrefix = "arXiv",
   eprint = {1801.03793},
 primaryClass = "quant-ph",
 keywords = {Quantum Physics},
     year = 2018,
    month = jan,
   adsurl = {http://adsabs.harvard.edu/abs/2018arXiv180103793B},
  adsnote = {Provided by the SAO/NASA Astrophysics Data System}
}


@ARTICLE{schloss2018simultaneous,
   author = {{Schloss}, J.~M. and {Barry}, J.~F. and {Turner}, M.~J. and 
	{Walsworth}, R.~L.},
    title = "{Simultaneous Broadband Vector Magnetometry Using Solid-State Spins}",
  journal = {ArXiv e-prints},
archivePrefix = "arXiv",
   eprint = {1803.03718},
 primaryClass = "quant-ph",
 keywords = {Quantum Physics, Condensed Matter - Mesoscale and Nanoscale Physics, Physics - Applied Physics, Physics - Instrumentation and Detectors},
     year = 2018,
    month = mar,
   adsurl = {http://adsabs.harvard.edu/abs/2018arXiv180303718S},
  adsnote = {Provided by the SAO/NASA Astrophysics Data System}
}


@ARTICLE{clevenson2018robust,
   author = {{Clevenson}, H. and {Pham}, L.~M. and {Teale}, C. and {Johnson}, K. and 
	{Englund}, D. and {Braje}, D.},
    title = "{Robust High-Dynamic-Range Vector Magnetometry via Nitrogen-Vacancy Centers in Diamond}",
  journal = {ArXiv e-prints},
archivePrefix = "arXiv",
   eprint = {1802.09713},
 primaryClass = "quant-ph",
 keywords = {Quantum Physics, Condensed Matter - Mesoscale and Nanoscale Physics, Physics - Applied Physics, Physics - Instrumentation and Detectors},
     year = 2018,
    month = feb,
   adsurl = {http://adsabs.harvard.edu/abs/2018arXiv180209713C},
  adsnote = {Provided by the SAO/NASA Astrophysics Data System}
}


@ARTICLE{degen2017quantum,
   author = {{Degen}, C.~L. and {Reinhard}, F. and {Cappellaro}, P.},
    title = "{Quantum sensing}",
  journal = {Reviews of Modern Physics},
archivePrefix = "arXiv",
   eprint = {1611.02427},
 primaryClass = "quant-ph",
     year = 2017,
    month = jul,
   volume = 89,
   number = 3,
      eid = {035002},
    pages = {035002},
      doi = {10.1103/RevModPhys.89.035002},
   adsurl = {http://adsabs.harvard.edu/abs/2017RvMP...89c5002D},
  adsnote = {Provided by the SAO/NASA Astrophysics Data System}
}


@ARTICLE{protik2017phonon,
   author = {{Haider Protik}, N. and {Katre}, A. and {Lindsay}, L. and {Carrete}, J. and 
	{Mingo}, N. and {Broido}, D.},
    title = "{Phonon thermal transport in 2H, 4H and 6H silicon carbide from first principles}",
  journal = {ArXiv e-prints},
archivePrefix = "arXiv",
   eprint = {1705.02634},
 primaryClass = "cond-mat.mtrl-sci",
 keywords = {Condensed Matter - Materials Science},
     year = 2017,
    month = may,
   adsurl = {http://adsabs.harvard.edu/abs/2017arXiv170502634H},
  adsnote = {Provided by the SAO/NASA Astrophysics Data System}
}


@ARTICLE{karaveli2016modulation,
   author = {{Karaveli}, S. and {Gaathon}, O. and {Wolcott}, A. and {Sakakibara}, R. and 
	{Shemesh}, O.~A. and {Peterka}, D.~S. and {Boyden}, E.~S. and 
	{Owen}, J.~S. and {Yuste}, R. and {Englund}, D.},
    title = "{Modulation of nitrogen vacancy charge state and fluorescence in nanodiamonds using electrochemical potential}",
  journal = {Proceedings of the National Academy of Science},
     year = 2016,
    month = apr,
   volume = 113,
    pages = {3938-3943},
      doi = {10.1073/pnas.1504451113},
   adsurl = {http://adsabs.harvard.edu/abs/2016PNAS..113.3938K},
  adsnote = {Provided by the SAO/NASA Astrophysics Data System}
}


@ARTICLE{twig2010sensitive,
   author = {{Twig}, Y. and {Suhovoy}, E. and {Blank}, A.},
    title = "{Sensitive surface loop-gap microresonators for electron spin resonance}",
  journal = {Review of Scientific Instruments},
 keywords = {gold, micromechanical resonators, microstrip lines, paramagnetic resonance, sensitivity, Micro- and nano-electromechanical systems  and devices, Waveguides transmission lines striplines, Submillimeter wave microwave and radiowave spectrometers, magnetic resonance spectrometers auxiliary equipment and techniques, Micromechanical devices and systems},
     year = 2010,
    month = oct,
   volume = 81,
   number = 10,
      eid = {104703-104703-11},
    pages = {104703-104703-11},
      doi = {10.1063/1.3488365},
   adsurl = {http://adsabs.harvard.edu/abs/2010RScI...81j4703T},
  adsnote = {Provided by the SAO/NASA Astrophysics Data System}
}


@ARTICLE{horsley2018microwave,
   author = {{Horsley}, A. and {Appel}, P. and {Wolters}, J. and {Achard}, J. and 
	{Tallaire}, A. and {Maletinsky}, P. and {Treutlein}, P.},
    title = "{Microwave device characterisation using a widefield diamond microscope}",
  journal = {ArXiv e-prints},
archivePrefix = "arXiv",
   eprint = {1802.07402},
 primaryClass = "quant-ph",
 keywords = {Quantum Physics, Condensed Matter - Mesoscale and Nanoscale Physics, Physics - Applied Physics},
     year = 2018,
    month = feb,
   adsurl = {http://adsabs.harvard.edu/abs/2018arXiv180207402H},
  adsnote = {Provided by the SAO/NASA Astrophysics Data System}
}

@Article{simpson2017electron,
author={Simpson, David A.
and Ryan, Robert G.
and Hall, Liam T.
and Panchenko, Evgeniy
and Drew, Simon C.
and Petrou, Steven
and Donnelly, Paul S.
and Mulvaney, Paul
and Hollenberg, Lloyd C. L.},
title={Electron paramagnetic resonance microscopy using spins in diamond under ambient conditions},
journal={Nature Communications},
year={2017},
volume={8},
number={1},
pages={458},
abstract={Magnetic resonance spectroscopy is one of the most important tools in chemical and bio-medical research. However, sensitivity limitations typically restrict imaging resolution to {\textasciitilde} 10 {\textmu}m. Here we bring quantum control to the detection of chemical systems to demonstrate high-resolution electron spin imaging using the quantum properties of an array of nitrogen-vacancy centres in diamond. Our electron paramagnetic resonance microscope selectively images electronic spin species by precisely tuning a magnetic field to bring the quantum probes into resonance with the external target spins. This provides diffraction limited spatial resolution of the target spin species over a field of view of 50 {\texttimes} 50 {\textmu}m2 with a spin sensitivity of 104 spins per voxel or {\textasciitilde}100 zmol. The ability to perform spectroscopy and dynamically monitor spin-dependent redox reactions at these scales enables the development of electron spin resonance and zepto-chemistry in the physical and life sciences.},
issn={2041-1723},
doi={10.1038/s41467-017-00466-y},
url={https://doi.org/10.1038/s41467-017-00466-y}
}



@book{westphal1972dielectric,
  author    = {W. B. Westphal, A. Sils}, 
  title     = {Dielectric Constant and Loss Data},
  publisher = {Air Force Materials Laboratory, Air Force Systems Command},
  year      = 1972,
  month     = 4,
}

@ARTICLE{koskinen1992the,
   author = {{Koskinen}, M.~F. and {Metz}, K.~R.},
    title = "{The concentric loop-gap resonator---A compact, broadly tunable design for NMR applications}",
  journal = {Journal of Magnetic Resonance},
     year = 1992,
   volume = 98,
    pages = {576-588},
      doi = {10.1016/0022-2364(92)90008-U},
   adsurl = {http://adsabs.harvard.edu/abs/1992JMagR..98..576K},
  adsnote = {Provided by the SAO/NASA Astrophysics Data System}
}


@PhdThesis{childressthesis2011coherent,
author={Childress, Lilian Isabel},
title={Coherent manipulation of single quantum systems in the solid state},
year={March 2007},
}

@PHDTHESIS{mazethesis2010quantum,
   author = {{Maze Rios}, J.},
    title = "{Quantum manipulation of nitrogen-vacancy centers in diamond: From basic properties to applications}",
   school = {Harvard University},
     year = 2010,
   adsurl = {http://adsabs.harvard.edu/abs/2010PhDT........74M},
  adsnote = {Provided by the SAO/NASA Astrophysics Data System}
}

@PhdThesis{acostathesis2011optical,
author={Acosta, Victor M.},
title={Optical Magnetometry with Nitrogen-Vacancy Centers in Diamond},
year={May 2011},
}

@article{fu2014solar,
	Abstract = {Magnetic fields are proposed to have played a critical role in some of the most enigmatic processes of planetary formation by mediating the rapid accretion of disk material onto the central star and the formation of the first solids. However, there have been no experimental constraints on the intensity of these fields. Here we show that dusty olivine-bearing chondrules from the Semarkona meteorite were magnetized in a nebular field of 54 $\pm$ 21 microteslas. This intensity supports chondrule formation by nebular shocks or planetesimal collisions rather than by electric currents, the x-wind, or other mechanisms near the Sun. This implies that background magnetic fields in the terrestrial planet-forming region were likely 5 to 54 microteslas, which is sufficient to account for measured rates of mass and angular momentum transport in protoplanetary disks.},
	Author = {Fu, Roger R. and Weiss, Benjamin P. and Lima, Eduardo A. and Harrison, Richard J. and Bai, Xue-Ning and Desch, Steven J. and Ebel, Denton S. and Suavet, Cl{\'e}ment and Wang, Huapei and Glenn, David and Le Sage, David and Kasama, Takeshi and Walsworth, Ronald L. and Kuan, Aaron T.},
	Doi = {10.1126/science.1258022},
	Eprint = {http://www.sciencemag.org/content/346/6213/1089.full.pdf},
	Journal = {Science},
	Number = {6213},
	Pages = {1089-1092},
	Title = {Solar nebula magnetic fields recorded in the Semarkona meteorite},
	Url = {http://www.sciencemag.org/content/346/6213/1089.abstract},
	Volume = {346},
	Year = {2014},
	Bdsk-Url-1 = {http://www.sciencemag.org/content/346/6213/1089.abstract},
	Bdsk-Url-2 = {http://dx.doi.org/10.1126/science.1258022}}

@article{chatzidrosos2017miniature,
  title = {Miniature Cavity-Enhanced Diamond Magnetometer},
  author = {Chatzidrosos, Georgios and Wickenbrock, Arne and Bougas, Lykourgos and Leefer, Nathan and Wu, Teng and Jensen, Kasper and Dumeige, Yannick and Budker, Dmitry},
  journal = {Phys. Rev. Applied},
  volume = {8},
  issue = {4},
  pages = {044019},
  numpages = {5},
  year = {2017},
  month = {Oct},
  publisher = {American Physical Society},
  doi = {10.1103/PhysRevApplied.8.044019},
  url = {https://link.aps.org/doi/10.1103/PhysRevApplied.8.044019}
}


@ARTICLE{creedon2015strong,
   author = {{Creedon}, D.~L. and {Le Floch}, J.-M. and {Goryachev}, M. and 
	{Farr}, W.~G. and {Castelletto}, S. and {Tobar}, M.~E.},
    title = "{Strong coupling between P 1 diamond impurity centers and a three-dimensional lumped photonic microwave cavity}",
  journal = {\prb},
archivePrefix = "arXiv",
   eprint = {1412.4331},
 primaryClass = "cond-mat.mes-hall",
 keywords = {Color centers and other defects, Cavity quantum electrodynamics, micromasers, Microwave tubes, Hyperfine interactions and isotope effects Jahn-Teller effect},
     year = 2015,
    month = apr,
   volume = 91,
   number = 14,
      eid = {140408},
    pages = {140408},
      doi = {10.1103/PhysRevB.91.140408},
   adsurl = {http://adsabs.harvard.edu/abs/2015PhRvB..91n0408C},
  adsnote = {Provided by the SAO/NASA Astrophysics Data System}
}


@ARTICLE{floch2016towards,
   author = {{Le Floch}, J.-M. and {Delhote}, N. and {Aubourg}, M. and {Madrangeas}, V. and 
	{Cros}, D. and {Castelletto}, S. and {Tobar}, M.~E.},
    title = "{Towards achieving strong coupling in three-dimensional-cavity with solid state spin resonance}",
  journal = {Journal of Applied Physics},
archivePrefix = "arXiv",
   eprint = {1604.01516},
 primaryClass = "quant-ph",
     year = 2016,
    month = apr,
   volume = 119,
   number = 15,
      eid = {153901},
    pages = {153901},
      doi = {10.1063/1.4946893},
   adsurl = {http://adsabs.harvard.edu/abs/2016JAP...119o3901L},
  adsnote = {Provided by the SAO/NASA Astrophysics Data System}
}


@ARTICLE{breeze2017continuous,
   author = {{Breeze}, J.~D. and {Sathian}, J. and {Salvadori}, E. and {McN.~Alford}, N. and 
	{Kay}, C.~W.~M.},
    title = "{Continuous-wave room-temperature diamond maser}",
  journal = {ArXiv e-prints},
archivePrefix = "arXiv",
   eprint = {1710.07726},
 keywords = {Physics - Applied Physics, Condensed Matter - Materials Science, Quantum Physics},
     year = 2017,
    month = oct,
   adsurl = {http://adsabs.harvard.edu/abs/2017arXiv171007726B},
  adsnote = {Provided by the SAO/NASA Astrophysics Data System}
}

@ARTICLE{clevenson2015broadband,
   author = {{Clevenson}, H. and {Trusheim}, M.~E. and {Teale}, C. and {Schr{\"o}der}, T. and 
	{Braje}, D. and {Englund}, D.},
    title = "{Broadband magnetometry and temperature sensing with a light-trapping diamond waveguide}",
  journal = {Nature Physics},
archivePrefix = "arXiv",
   eprint = {1406.5235},
 primaryClass = "quant-ph",
     year = 2015,
    month = may,
   volume = 11,
    pages = {393-397},
      doi = {10.1038/nphys3291},
   adsurl = {http://adsabs.harvard.edu/abs/2015NatPh..11..393C},
  adsnote = {Provided by the SAO/NASA Astrophysics Data System}
}


@ARTICLE{barry2016optical,
   author = {{Barry}, J.~F. and {Turner}, M.~J. and {Schloss}, J.~M. and 
	{Glenn}, D.~R. and {Song}, Y. and {Lukin}, M.~D. and {Park}, H. and 
	{Walsworth}, R.~L.},
    title = "{Optical magnetic detection of single-neuron action potentials using quantum defects in diamond}",
  journal = {Proceedings of the National Academy of Science},
archivePrefix = "arXiv",
   eprint = {1602.01056},
 primaryClass = "quant-ph",
 keywords = {nitrogen-vacancy center, magnetometry, action potential, neuron},
     year = 2016,
    month = dec,
   volume = 113,
    pages = {14133-14138},
      doi = {10.1073/pnas.1601513113},
   adsurl = {http://adsabs.harvard.edu/abs/2016PNAS..11314133B},
  adsnote = {Provided by the SAO/NASA Astrophysics Data System}
}

@ARTICLE{doherty2013nitrogen,
   author = {{Doherty}, M.~W. and {Manson}, N.~B. and {Delaney}, P. and {Jelezko}, F. and 
	{Wrachtrup}, J. and {Hollenberg}, L.~C.~L.},
    title = "{The nitrogen-vacancy colour centre in diamond}",
  journal = {\physrep},
archivePrefix = "arXiv",
   eprint = {1302.3288},
 primaryClass = "cond-mat.mtrl-sci",
     year = 2013,
    month = jul,
   volume = 528,
    pages = {1-45},
      doi = {10.1016/j.physrep.2013.02.001},
   adsurl = {http://adsabs.harvard.edu/abs/2013PhR...528....1D},
  adsnote = {Provided by the SAO/NASA Astrophysics Data System}
}

@ARTICLE{doherty2012theory,
   author = {{Doherty}, M.~W. and {Dolde}, F. and {Fedder}, H. and {Jelezko}, F. and 
	{Wrachtrup}, J. and {Manson}, N.~B. and {Hollenberg}, L.~C.~L.
	},
    title = "{Theory of the ground-state spin of the NV$^{-}$ center in diamond}",
  journal = {\prb},
archivePrefix = "arXiv",
   eprint = {1111.5882},
 primaryClass = "cond-mat.mtrl-sci",
 keywords = {Spin-orbit coupling Zeeman and Stark splitting Jahn-Teller effect, Group-theoretical methods, Color centers and other defects},
     year = 2012,
    month = may,
   volume = 85,
   number = 20,
      eid = {205203},
    pages = {205203},
      doi = {10.1103/PhysRevB.85.205203},
   adsurl = {http://adsabs.harvard.edu/abs/2012PhRvB..85t5203D},
  adsnote = {Provided by the SAO/NASA Astrophysics Data System}
}

@PHDTHESIS{pham2013magnetic,
   author = {{Pham}, L.~M.},
    title = "{Magnetic field sensing with nitrogen-vacancy color centers in diamond}",
   school = {Harvard University},
     year = 2013,
   adsurl = {http://adsabs.harvard.edu/abs/2013PhDT........94P},
  adsnote = {Provided by the SAO/NASA Astrophysics Data System}
}

@ARTICLE{maze2008electron,
   author = {{Maze}, J.~R. and {Taylor}, J.~M. and {Lukin}, M.~D.},
    title = "{Electron spin decoherence of single nitrogen-vacancy defects in diamond}",
  journal = {\prb},
archivePrefix = "arXiv",
   eprint = {0805.0327},
 primaryClass = "cond-mat.other",
 keywords = {Decoherence, open systems, quantum statistical methods, Calculations and mathematical techniques in atomic and molecular physics},
     year = 2008,
    month = sep,
   volume = 78,
   number = 9,
      eid = {094303},
    pages = {094303},
      doi = {10.1103/PhysRevB.78.094303},
   adsurl = {http://adsabs.harvard.edu/abs/2008PhRvB..78i4303M},
  adsnote = {Provided by the SAO/NASA Astrophysics Data System}
}


@ARTICLE{schirhagl2014nitrogen,
   author = {{Schirhagl}, R. and {Chang}, K. and {Loretz}, M. and {Degen}, C.~L.
	},
    title = "{Nitrogen-Vacancy Centers in Diamond: Nanoscale Sensors for Physics and Biology}",
  journal = {Annual Review of Physical Chemistry},
     year = 2014,
    month = apr,
   volume = 65,
    pages = {83-105},
      doi = {10.1146/annurev-physchem-040513-103659},
   adsurl = {http://adsabs.harvard.edu/abs/2014ARPC...65...83S},
  adsnote = {Provided by the SAO/NASA Astrophysics Data System}
}

@ARTICLE{maze2011properties,
   author = {{Maze}, J.~R. and {Gali}, A. and {Togan}, E. and {Chu}, Y. and 
	{Trifonov}, A. and {Kaxiras}, E. and {Lukin}, M.~D.},
    title = "{Properties of nitrogen-vacancy centers in diamond: the group theoretic approach}",
  journal = {New Journal of Physics},
archivePrefix = "arXiv",
   eprint = {1010.1338},
 primaryClass = "quant-ph",
     year = 2011,
    month = feb,
   volume = 13,
   number = 2,
      eid = {025025},
    pages = {025025},
      doi = {10.1088/1367-2630/13/2/025025},
   adsurl = {http://adsabs.harvard.edu/abs/2011NJPh...13b5025M},
  adsnote = {Provided by the SAO/NASA Astrophysics Data System}
}


@incollection{jensen2017magnetometry,
  title={\href{https://link.springer.com/chapter/10.1007/978-3-319-34070-8_18}{Magnetometry with Nitrogen-Vacancy Centers in Diamond}},
  author={Jensen, Kasper and Kehayias, Pauli and Budker, Dmitry},
  booktitle={High Sensitivity Magnetometers},
  pages={553--576},
  year={2017},
  publisher={Springer}
}

@ARTICLE{wolf2015subpicotesla,
   author = {{Wolf}, T. and {Neumann}, P. and {Nakamura}, K. and {Sumiya}, H. and 
	{Ohshima}, T. and {Isoya}, J. and {Wrachtrup}, J.},
    title = "{Subpicotesla Diamond Magnetometry}",
  journal = {Physical Review X},
archivePrefix = "arXiv",
   eprint = {1411.6553},
 primaryClass = "quant-ph",
 keywords = {Magnetometers for magnetic field measurements, Color centers and other defects, Optically detected magnetic resonance},
     year = 2015,
    month = oct,
   volume = 5,
   number = 4,
      eid = {041001},
    pages = {041001},
      doi = {10.1103/PhysRevX.5.041001},
   adsurl = {http://adsabs.harvard.edu/abs/2015PhRvX...5d1001W},
  adsnote = {Provided by the SAO/NASA Astrophysics Data System}
}

@ARTICLE{wang2012comparison,
   author = {{Wang}, Z.-H. and {de Lange}, G. and {Rist{\`e}}, D. and {Hanson}, R. and 
	{Dobrovitski}, V.~V.},
    title = "{Comparison of dynamical decoupling protocols for a nitrogen-vacancy center in diamond}",
  journal = {\prb},
archivePrefix = "arXiv",
   eprint = {1202.0462},
 primaryClass = "quant-ph",
 keywords = {Color centers and other defects, Quantum error correction and other methods for protection against decoherence, Decoherence, open systems, quantum statistical methods, Electron paramagnetic resonance and relaxation},
     year = 2012,
    month = apr,
   volume = 85,
   number = 15,
      eid = {155204},
    pages = {155204},
      doi = {10.1103/PhysRevB.85.155204},
   adsurl = {http://adsabs.harvard.edu/abs/2012PhRvB..85o5204W},
  adsnote = {Provided by the SAO/NASA Astrophysics Data System}
}

@ARTICLE{bayat2014efficient,
   author = {{Bayat}, K. and {Choy}, J. and {Farrokh Baroughi}, M. and {Meesala}, S. and 
	{Loncar}, M.},
    title = "{Efficient, Uniform, and Large Area Microwave Magnetic Coupling to NV Centers in Diamond Using Double Split-Ring Resonators}",
  journal = {Nano Letters},
     year = 2014,
    month = mar,
   volume = 14,
    pages = {1208-1213},
      doi = {10.1021/nl404072s},
   adsurl = {http://adsabs.harvard.edu/abs/2014NanoL..14.1208B},
  adsnote = {Provided by the SAO/NASA Astrophysics Data System}
}

@ARTICLE{dumeige2013magnetometry,
   author = {{Dumeige}, Y. and {Chipaux}, M. and {Jacques}, V. and {Treussart}, F. and 
	{Roch}, J.-F. and {Debuisschert}, T. and {Acosta}, V.~M. and 
	{Jarmola}, A. and {Jensen}, K. and {Kehayias}, P. and {Budker}, D.
	},
    title = "{Magnetometry with nitrogen-vacancy ensembles in diamond based on infrared absorption in a doubly resonant optical cavity}",
  journal = {\prb},
archivePrefix = "arXiv",
   eprint = {1301.0808},
 primaryClass = "physics.optics",
 keywords = {Color centers and other defects, Elemental semiconductors and insulators, Magnetometers for magnetic field measurements, Resonators cavities amplifiers arrays and rings},
     year = 2013,
    month = apr,
   volume = 87,
   number = 15,
      eid = {155202},
    pages = {155202},
      doi = {10.1103/PhysRevB.87.155202},
   adsurl = {http://adsabs.harvard.edu/abs/2013PhRvB..87o5202D},
  adsnote = {Provided by the SAO/NASA Astrophysics Data System}
}

@ARTICLE{ahmadi2017pump,
   author = {{Ahmadi}, S. and {El-Ella}, H.~A.~R. and {Hansen}, J.~O.~B. and 
	{Huck}, A. and {Andersen}, U.~L.},
    title = "{Pump-Enhanced Continuous-Wave Magnetometry Using Nitrogen-Vacancy Ensembles}",
  journal = {Physical Review Applied},
archivePrefix = "arXiv",
   eprint = {1707.00502},
 primaryClass = "quant-ph",
     year = 2017,
    month = sep,
   volume = 8,
   number = 3,
      eid = {034001},
    pages = {034001},
      doi = {10.1103/PhysRevApplied.8.034001},
   adsurl = {http://adsabs.harvard.edu/abs/2017PhRvP...8c4001A},
  adsnote = {Provided by the SAO/NASA Astrophysics Data System}
}

@ARTICLE{haikka2017proposal,
   author = {{Haikka}, P. and {Kubo}, Y. and {Bienfait}, A. and {Bertet}, P. and 
	{M{\o}lmer}, K.},
    title = "{Proposal for detecting a single electron spin in a microwave resonator}",
  journal = {\pra},
archivePrefix = "arXiv",
   eprint = {1609.01132},
 primaryClass = "quant-ph",
     year = 2017,
    month = feb,
   volume = 95,
   number = 2,
      eid = {022306},
    pages = {022306},
      doi = {10.1103/PhysRevA.95.022306},
   adsurl = {http://adsabs.harvard.edu/abs/2017PhRvA..95b2306H},
  adsnote = {Provided by the SAO/NASA Astrophysics Data System}
}


@article{sasaki2016broadband,
  title={\href{http://aip.scitation.org/doi/full/10.1063/1.4952418}{Broadband, large-area microwave antenna for optically detected magnetic resonance of nitrogen-vacancy centers in diamond}},
  author={Sasaki, Kento and Monnai, Yasuaki and Saijo, Soya and Fujita, Ryushiro and Watanabe, Hideyuki and Ishi-Hayase, Junko and Itoh, Kohei M and Abe, Eisuke},
  journal={Review of Scientific Instruments},
  volume={87},
  number={5},
  pages={053904},
  year={2016},
  publisher={AIP Publishing}
}

@article{webb2014cavity,
  title={Cavity-and waveguide-resonators in electron paramagnetic resonance, nuclear magnetic resonance, and magnetic resonance imaging},
  author={Webb, Andrew},
  journal={\href{https://www.sciencedirect.com/science/article/pii/S0079656514000624}{Progress in nuclear magnetic resonance spectroscopy}},
  volume={\href{https://www.sciencedirect.com/science/article/pii/S0079656514000624}{83}},
  pages={\href{https://www.sciencedirect.com/science/article/pii/S0079656514000624}{1--20}},
  year={\href{https://www.sciencedirect.com/science/article/pii/S0079656514000624}{2014}},
  publisher={\href{https://www.sciencedirect.com/science/article/pii/S0079656514000624}{Elsevier}}
}

@book{childress2007coherent,
  title={Coherent manipulation of single quantum systems in the solid state},
  author={Childress, Lilian Isabel},
  year={\href{https://sites.fas.harvard.edu/~phys191r/References/d4/LilyThesis.pdf}{2007}},
  publisher={\href{https://sites.fas.harvard.edu/~phys191r/References/d4/LilyThesis.pdf}{Harvard University}}
}

@ARTICLE{wang2015high,
   author = {{Wang}, P. and {Yuan}, Z. and {Huang}, P. and {Rong}, X. and 
	{Wang}, M. and {Xu}, X. and {Duan}, C. and {Ju}, C. and {Shi}, F. and 
	{Du}, J.},
    title = "{High-resolution vector microwave magnetometry based on solid-state spins in diamond}",
  journal = {Nature Communications},
     year = 2015,
    month = mar,
   volume = 6,
      eid = {6631},
    pages = {6631},
      doi = {10.1038/ncomms7631},
   adsurl = {http://adsabs.harvard.edu/abs/2015NatCo...6E6631W},
  adsnote = {Provided by the SAO/NASA Astrophysics Data System}
}



@book{pozar2009microwave,
  title={Microwave engineering},
  author={Pozar, David M},
  year={2009},
  publisher={John Wiley \& Sons}
}

@ARTICLE{froncisz1982loop,
   author = {{Froncisz}, W. and {Hyde}, J.~S.},
    title = "{The loop-gap resonator: a new microwave lumped circuit ESR sample structure}",
  journal = {Journal of Magnetic Resonance},
     year = 1982,
   volume = 47,
    pages = {515-521},
      doi = {10.1016/0022-2364(82)90221-9},
   adsurl = {http://adsabs.harvard.edu/abs/1982JMagR..47..515F},
  adsnote = {Provided by the SAO/NASA Astrophysics Data System}
}

@ARTICLE{ajoy2012stable,
   author = {{Ajoy}, A. and {Cappellaro}, P.},
    title = "{Stable three-axis nuclear-spin gyroscope in diamond}",
  journal = {\pra},
archivePrefix = "arXiv",
   eprint = {1205.1494},
 primaryClass = "quant-ph",
 keywords = {Phases: geometric, dynamic or topological, Velocity acceleration and rotation, Color centers},
     year = 2012,
    month = dec,
   volume = 86,
   number = 6,
      eid = {062104},
    pages = {062104},
      doi = {10.1103/PhysRevA.86.062104},
   adsurl = {http://adsabs.harvard.edu/abs/2012PhRvA..86f2104A},
  adsnote = {Provided by the SAO/NASA Astrophysics Data System}
}

@ARTICLE{doherty2014temperature,
   author = {{Doherty}, M.~W. and {Acosta}, V.~M. and {Jarmola}, A. and {Barson}, M.~S.~J. and 
	{Manson}, N.~B. and {Budker}, D. and {Hollenberg}, L.~C.~L.},
    title = "{Temperature shifts of the resonances of the NV$^{-}$ center in diamond}",
  journal = {\prb},
archivePrefix = "arXiv",
   eprint = {1310.7303},
 primaryClass = "cond-mat.mtrl-sci",
 keywords = {Optically detected magnetic resonance, Color centers, Phonon-defect interactions},
     year = 2014,
    month = jul,
   volume = 90,
   number = 4,
      eid = {041201},
    pages = {041201},
      doi = {10.1103/PhysRevB.90.041201},
   adsurl = {http://adsabs.harvard.edu/abs/2014PhRvB..90d1201D},
  adsnote = {Provided by the SAO/NASA Astrophysics Data System}
}

@article{toyli2013fluorescence,
  title={Fluorescence thermometry enhanced by the quantum coherence of single spins in diamond},
  author={Toyli, David M and Charles, F and Christle, David J and Dobrovitski, Viatcheslav V and Awschalom, David D},
  journal={Proceedings of the National Academy of Sciences},
  volume={110},
  number={21},
  pages={8417--8421},
  year={2013},
  publisher={National Acad Sciences}
}

@article{blakley2015room,
  title={Room-temperature magnetic gradiometry with fiber-coupled nitrogen-vacancy centers in diamond},
  author={Blakley, SM and Fedotov, IV and Kilin, S Ya and Zheltikov, AM},
  journal={Optics letters},
  volume={40},
  number={16},
  pages={3727--3730},
  year={2015},
  publisher={Optical Society of America}
}

@ARTICLE{farfurnik2015optimizing,
   author = {{Farfurnik}, D. and {Jarmola}, A. and {Pham}, L.~M. and {Wang}, Z.~H. and 
	{Dobrovitski}, V.~V. and {Walsworth}, R.~L. and {Budker}, D. and 
	{Bar-Gill}, N.},
    title = "{Optimizing a dynamical decoupling protocol for solid-state electronic spin ensembles in diamond}",
  journal = {\prb},
archivePrefix = "arXiv",
   eprint = {1505.00636},
 primaryClass = "quant-ph",
 keywords = {Color centers and other defects},
     year = 2015,
    month = aug,
   volume = 92,
   number = 6,
      eid = {060301},
    pages = {060301},
      doi = {10.1103/PhysRevB.92.060301},
   adsurl = {http://adsabs.harvard.edu/abs/2015PhRvB..92f0301F},
  adsnote = {Provided by the SAO/NASA Astrophysics Data System}
}

@article{ovartchaiyapong2014dynamic,
  title={Dynamic strain-mediated coupling of a single diamond spin to a mechanical resonator},
  author={Ovartchaiyapong, Preeti and Lee, Kenneth W and Myers, Bryan A and Jayich, Ania C Bleszynski},
  journal={Nature communications},
  volume={5},
  year={2014},
  publisher={Nature Publishing Group}
}

@ARTICLE{cooper2014time,
   author = {{Cooper}, A. and {Magesan}, E. and {Yum}, H.~N. and {Cappellaro}, P.
	},
    title = "{Time-resolved magnetic sensing with electronic spins in diamond}",
  journal = {Nature Communications},
archivePrefix = "arXiv",
   eprint = {1305.6082},
 primaryClass = "quant-ph",
     year = 2014,
    month = jan,
   volume = 5,
      eid = {3141},
    pages = {3141},
      doi = {10.1038/ncomms4141},
   adsurl = {http://adsabs.harvard.edu/abs/2014NatCo...5E3141C},
  adsnote = {Provided by the SAO/NASA Astrophysics Data System}
}

@ARTICLE{bar2013solid,
   author = {{Bar-Gill}, N. and {Pham}, L.~M. and {Jarmola}, A. and {Budker}, D. and 
	{Walsworth}, R.~L.},
    title = "{Solid-state electronic spin coherence time approaching one second}",
  journal = {Nature Communications},
archivePrefix = "arXiv",
   eprint = {1211.7094},
 primaryClass = "quant-ph",
     year = 2013,
    month = apr,
   volume = 4,
      eid = {1743},
    pages = {1743},
      doi = {10.1038/ncomms2771},
   adsurl = {http://adsabs.harvard.edu/abs/2013NatCo...4E1743B},
  adsnote = {Provided by the SAO/NASA Astrophysics Data System}
}

@ARTICLE{rondin2014magnetometry,
   author = {{Rondin}, L. and {Tetienne}, J.-P. and {Hingant}, T. and {Roch}, J.-F. and 
	{Maletinsky}, P. and {Jacques}, V.},
    title = "{Magnetometry with nitrogen-vacancy defects in diamond}",
  journal = {Reports on Progress in Physics},
archivePrefix = "arXiv",
   eprint = {1311.5214},
 primaryClass = "cond-mat.mes-hall",
     year = 2014,
    month = may,
   volume = 77,
   number = 5,
      eid = {056503},
    pages = {056503},
      doi = {10.1088/0034-4885/77/5/056503},
   adsurl = {http://adsabs.harvard.edu/abs/2014RPPh...77e6503R},
  adsnote = {Provided by the SAO/NASA Astrophysics Data System}
}


@article{rinard2005loop,
  title={Loop-gap resonators},
  author={Rinard, George A and Eaton, Gareth R},
  journal={\href{https://link.springer.com/chapter/10.1007/0-306-48533-8_2}{Biomedical EPR, Part B: Methodology, Instrumentation, and Dynamics}},
  volume={\href{https://link.springer.com/chapter/10.1007/0-306-48533-8_2}{24}},
  pages={\href{https://link.springer.com/chapter/10.1007/0-306-48533-8_2}{19--52}},
  year={\href{https://link.springer.com/chapter/10.1007/0-306-48533-8_2}{2005}},
  publisher={\href{https://link.springer.com/chapter/10.1007/0-306-48533-8_2}{Springer}}
}

@ARTICLE{piasecki1993field,
   author = {{Piasecki}, W. and {Froncisz}, W.},
    title = "{Field distributions in loop-gap resonators}",
  journal = {Measurement Science and Technology},
     year = 1993,
    month = dec,
   volume = 4,
    pages = {1363-1369},
      doi = {10.1088/0957-0233/4/12/009},
   adsurl = {http://adsabs.harvard.edu/abs/1993MeScT...4.1363P},
  adsnote = {Provided by the SAO/NASA Astrophysics Data System}
}

@ARTICLE{grinolds2013nanoscale,
   author = {{Grinolds}, M.~S. and {Hong}, S. and {Maletinsky}, P. and {Luan}, L. and 
	{Lukin}, M.~D. and {Walsworth}, R.~L. and {Yacoby}, A.},
    title = "{Nanoscale magnetic imaging of a single electron spin under ambient conditions}",
  journal = {Nature Physics},
archivePrefix = "arXiv",
   eprint = {1209.0203},
 primaryClass = "cond-mat.mes-hall",
     year = 2013,
    month = apr,
   volume = 9,
    pages = {215-219},
      doi = {10.1038/nphys2543},
   adsurl = {http://adsabs.harvard.edu/abs/2013NatPh...9..215G},
  adsnote = {Provided by the SAO/NASA Astrophysics Data System}
}

@article{wu2016diamond,
  title={\href{https://www.ncbi.nlm.nih.gov/pubmed/27120692}{Diamond quantum devices in biology}},
  author={Wu, Yuzhou and Jelezko, Fedor and Plenio, Martin B and Weil, Tanja},
  journal={Angewandte Chemie International Edition},
  volume={55},
  number={23},
  pages={6586--6598},
  year={2016},
  publisher={Wiley Online Library}
}

@article{hong2013nanoscale,
  title={Nanoscale magnetometry with NV centers in diamond},
  author={Hong, Sungkun and Grinolds, Michael S and Pham, Linh M and Le Sage, David and Luan, Lan and Walsworth, Ronald L and Yacoby, Amir},
  journal={MRS bulletin},
  volume={38},
  number={2},
  pages={155--161},
  year={2013},
  publisher={Cambridge University Press}
}

@ARTICLE{acosta2009diamonds,
   author = {{Acosta}, V.~M. and {Bauch}, E. and {Ledbetter}, M.~P. and {Santori}, C. and 
	{Fu}, K.-M.~C. and {Barclay}, P.~E. and {Beausoleil}, R.~G. and 
	{Linget}, H. and {Roch}, J.~F. and {Treussart}, F. and {Chemerisov}, S. and 
	{Gawlik}, W. and {Budker}, D.},
    title = "{Diamonds with a high density of nitrogen-vacancy centers for magnetometry applications}",
  journal = {\prb},
archivePrefix = "arXiv",
   eprint = {0903.3277},
 primaryClass = "cond-mat.mtrl-sci",
 keywords = {Color centers, Magnetometers for magnetic field measurements, Color centers and other defects, Carbon diamond graphite},
     year = 2009,
    month = sep,
   volume = 80,
   number = 11,
      eid = {115202},
    pages = {115202},
      doi = {10.1103/PhysRevB.80.115202},
   adsurl = {http://adsabs.harvard.edu/abs/2009PhRvB..80k5202A},
  adsnote = {Provided by the SAO/NASA Astrophysics Data System}
}


@article{mett2009coupling,
  title={Coupling of waveguide and resonator by inductive and capacitive irises for EPR spectroscopy},
  author={Mett, RR and Sidabras, JW and Hyde, JS},
  journal={Applied magnetic resonance},
  volume={35},
  number={2},
  pages={285--318},
  year={2009},
  publisher={Springer}
}

@article{rinard1993microwave,
  title={Microwave coupling structures for spectroscopy},
  author={Rinard, George A and Quine, Richard W and Eaton, Sandra S and Eaton, Gareth R},
  journal={Journal of Magnetic Resonance, Series A},
  volume={105},
  number={2},
  pages={137--144},
  year={1993},
  publisher={Elsevier}
}

@article{yokoyama2001automatic,
  title={Automatic Coupling Control of a Loop--Gap Resonator by a Variable Capacitor Attached Coupling Coil for EPR Measurements at 650 MHz},
  author={Yokoyama, Hidekastu and Sato, Toshiyuki and Ogata, Tateaki and Ohya, Hiroaki and Kamada, Hitoshi},
  journal={Journal of Magnetic Resonance},
  volume={149},
  number={1},
  pages={29--35},
  year={2001},
  publisher={Elsevier}
}

@article{petryakov2001bridged,
  title={A bridged loop--gap S-band surface resonator for topical EPR spectroscopy},
  author={Petryakov, Sergey and Chzhan, Michael and Samouilov, Alexandre and He, Guanglong and Kuppusamy, Periannan and Zweier, Jay L},
  journal={Journal of Magnetic Resonance},
  volume={151},
  number={1},
  pages={124--128},
  year={2001},
  publisher={Elsevier}
}

@article{helmenstine2014table,
  title={Table of electrical resistivity and conductivity},
  author={Helmenstine, Anne Marie},
  journal={About. com},
  volume={2},
  year={2014}
}

@online{SiCTable,
  author={Microwaves101},
  title={Silicon Carbide},
  url={https://www.microwaves101.com/encyclopedias/silicon-carbide}
}

@online{DCandLossTTable,
  author={RFCafe},
  title={Dielectric Constant, Strength, and Loss Tangent},
  url={http://www.rfcafe.com/references/electrical/dielectric-constants-strengths.htm}
}

@online{SapphireTable,
  author={mt-berlin},
  title={Sapphire (Al2O3)},
  url={http://www.mt-berlin.com/frames_cryst/descriptions/sapphire.htm}
}

@manual{Rogers:RO4350BData,
  organization={Rogers Corporation},
  title={RO4000 Series High Frequency Circuit Materials},
  number={92 004},
  year ={2017} 
}

@ARTICLE{froncisz1986q,
   author = {{Froncisz}, W. and {Oles}, T. and {Hyde}, J.~S.},
    title = "{Q-band loop-gap resonator}",
  journal = {Review of Scientific Instruments},
     year = 1986,
    month = jun,
   volume = 57,
    pages = {1095-1099},
      doi = {10.1063/1.1138663},
   adsurl = {http://adsabs.harvard.edu/abs/1986RScI...57.1095F},
  adsnote = {Provided by the SAO/NASA Astrophysics Data System}
}


@article{jensen2014cavity,
  title={Cavity-enhanced room-temperature magnetometry using absorption by nitrogen-vacancy centers in diamond},
  author={Jensen, Kasper and Leefer, Nathan and Jarmola, Andrey and Dumeige, Yannick and Acosta, Victor M and Kehayias, Pauli and Patton, Brian and Budker, Dmitry},
  journal={Physical review letters},
  volume={112},
  number={16},
  pages={160802},
  year={2014},
  publisher={APS}
}

@article{shin2012room,
  title={Room-temperature operation of a radiofrequency diamond magnetometer near the shot-noise limit},
  author={Shin, Chang S and Avalos, Claudia E and Butler, Mark C and Trease, David R and Seltzer, Scott J and Peter Mustonen, J and Kennedy, Daniel J and Acosta, Victor M and Budker, Dmitry and Pines, Alexander and others},
  journal={Journal of Applied Physics},
  volume={112},
  number={12},
  pages={124519},
  year={2012},
  publisher={AIP}
}

@article{taylor2008high,
   author = {{Taylor}, J.~M. and {Cappellaro}, P. and {Childress}, L. and 
	{Jiang}, L. and {Budker}, D. and {Hemmer}, P.~R. and {Yacoby}, A. and 
	{Walsworth}, R. and {Lukin}, M.~D.},
    title = "{High-sensitivity diamond magnetometer with nanoscale resolution}",
  journal = {Nature Physics},
archivePrefix = "arXiv",
   eprint = {0805.1367},
 primaryClass = "cond-mat.mes-hall",
     year = 2008,
    month = oct,
   volume = 4,
    pages = {810-816},
      doi = {10.1038/nphys1075},
   adsurl = {http://adsabs.harvard.edu/abs/2008NatPh...4..810T},
  adsnote = {Provided by the SAO/NASA Astrophysics Data System}
}


@article{balasubramanian2008nanoscale,
  title={\href{https://www.nature.com/articles/nature07278}{Nanoscale imaging magnetometry with diamond spins under ambient conditions}},
  author={Balasubramanian, Gopalakrishnan and Chan, IY and Kolesov, Roman and Al-Hmoud, Mohannad and Tisler, Julia and Shin, Chang and Kim, Changdong and Wojcik, Aleksander and Hemmer, Philip R and Krueger, Anke and others},
  journal={Nature},
  volume={455},
  number={7213},
  pages={648},
  year={2008},
  publisher={Nature Publishing Group}
}

@ARTICLE{dolde2011electric,
   author = {{Dolde}, F. and {Fedder}, H. and {Doherty}, M.~W. and {N{\"o}bauer}, T. and 
	{Rempp}, F. and {Balasubramanian}, G. and {Wolf}, T. and {Reinhard}, F. and 
	{Hollenberg}, L.~C.~L. and {Jelezko}, F. and {Wrachtrup}, J.
	},
    title = "{Electric-field sensing using single diamond spins}",
  journal = {Nature Physics},
archivePrefix = "arXiv",
   eprint = {1103.3432},
 primaryClass = "quant-ph",
     year = 2011,
    month = jun,
   volume = 7,
    pages = {459-463},
      doi = {10.1038/nphys1969},
   adsurl = {http://adsabs.harvard.edu/abs/2011NatPh...7..459D},
  adsnote = {Provided by the SAO/NASA Astrophysics Data System}
}

@article{maze2008nanoscale,
  title={Nanoscale magnetic sensing with an individual electronic spin in diamond},
  author={Maze, JR and Stanwix, PL and Hodges, JS and Hong, S and Taylor, JM and Cappellaro, P and Jiang, L and Dutt, MV Gurudev and Togan, E and Zibrov, AS and others},
  journal={Nature},
  volume={455},
  number={7213},
  pages={644},
  year={2008},
  publisher={Nature Publishing Group}
}

@article{childress2013diamond,
  title={Diamond NV centers for quantum computing and quantum networks},
  author={Childress, Lilian and Hanson, Ronald},
  journal={MRS bulletin},
  volume={38},
  number={2},
  pages={134--138},
  year={2013},
  publisher={Cambridge University Press}
}

@ARTICLE{dutt2007quantum,
   author = {{Dutt}, M.~V.~G. and {Childress}, L. and {Jiang}, L. and {Togan}, E. and 
	{Maze}, J. and {Jelezko}, F. and {Zibrov}, A.~S. and {Hemmer}, P.~R. and 
	{Lukin}, M.~D.},
    title = "{Quantum Register Based on Individual Electronic and Nuclear Spin Qubits in Diamond}",
  journal = {Science},
     year = 2007,
    month = jun,
   volume = 316,
      doi = {10.1126/science.1139831},
   adsurl = {http://adsabs.harvard.edu/abs/2007Sci...316.....D},
  adsnote = {Provided by the SAO/NASA Astrophysics Data System}
}


@article{neumann2013high,
   author = {{Neumann}, P. and {Jakobi}, I. and {Dolde}, F. and {Burk}, C. and 
	{Reuter}, R. and {Waldherr}, G. and {Honert}, J. and {Wolf}, T. and 
	{Brunner}, A. and {Shim}, J.~H. and {Suter}, D. and {Sumiya}, H. and 
	{Isoya}, J. and {Wrachtrup}, J.},
    title = "{High-Precision Nanoscale Temperature Sensing Using Single Defects in Diamond}",
  journal = {Nano Letters},
archivePrefix = "arXiv",
   eprint = {1304.0688},
 primaryClass = "quant-ph",
     year = 2013,
    month = jun,
   volume = 13,
    pages = {2738-2742},
      doi = {10.1021/nl401216y},
   adsurl = {http://adsabs.harvard.edu/abs/2013NanoL..13.2738N},
  adsnote = {Provided by the SAO/NASA Astrophysics Data System}
}

@ARTICLE{hodges2013timekeeping,
   author = {{Hodges}, J.~S. and {Yao}, N.~Y. and {Maclaurin}, D. and {Rastogi}, C. and 
	{Lukin}, M.~D. and {Englund}, D.},
    title = "{Timekeeping with electron spin states in diamond}",
  journal = {\pra},
 keywords = {Standards and calibration, Electron paramagnetic resonance and relaxation, Elemental semiconductors},
     year = 2013,
    month = mar,
   volume = 87,
   number = 3,
      eid = {032118},
    pages = {032118},
      doi = {10.1103/PhysRevA.87.032118},
   adsurl = {http://adsabs.harvard.edu/abs/2013PhRvA..87c2118H},
  adsnote = {Provided by the SAO/NASA Astrophysics Data System}
}


@article{casola2018probing,
  title={Probing condensed matter physics with magnetometry based on nitrogen-vacancy centres in diamond},
  author={Casola, Francesco and van der Sar, Toeno and Yacoby, Amir},
  journal={Nature Reviews Materials},
  volume={3},
  pages={17088},
  year={2018},
  publisher={Nature Publishing Group}
}

@ARTICLE{degen2008scanning,
   author = {{Degen}, C.~L.},
    title = "{Scanning magnetic field microscope with a diamond single-spin sensor}",
  journal = {Applied Physics Letters},
archivePrefix = "arXiv",
   eprint = {0805.1215},
 keywords = {Magnetometers for magnetic field measurements, Magnetic force microscopes, Submillimeter wave microwave and radiowave spectrometers, magnetic resonance spectrometers auxiliary equipment and techniques},
     year = 2008,
    month = jun,
   volume = 92,
   number = 24,
      eid = {243111},
    pages = {243111},
      doi = {10.1063/1.2943282},
   adsurl = {http://adsabs.harvard.edu/abs/2008ApPhL..92x3111D},
  adsnote = {Provided by the SAO/NASA Astrophysics Data System}
}



@article{dreau2011avoiding,
  title={Avoiding power broadening in optically detected magnetic resonance of single NV defects for enhanced dc magnetic field sensitivity},
  author={Dr{\'e}au, A and Lesik, M and Rondin, L and Spinicelli, P and Arcizet, O and Roch, J-F and Jacques, V},
  journal={Physical Review B},
  volume={84},
  number={19},
  pages={195204},
  year={2011},
  publisher={APS}
}

@ARTICLE{angerer2016collective,
   author = {{Angerer}, A. and {Astner}, T. and {Wirtitsch}, D. and {Sumiya}, H. and 
	{Onoda}, S. and {Isoya}, J. and {Putz}, S. and {Majer}, J.},
    title = "{Collective strong coupling with homogeneous Rabi frequencies using a 3D lumped element microwave resonator}",
  journal = {Applied Physics Letters},
archivePrefix = "arXiv",
   eprint = {1605.05554},
 primaryClass = "quant-ph",
     year = 2016,
    month = jul,
   volume = 109,
   number = 3,
      eid = {033508},
    pages = {033508},
      doi = {10.1063/1.4959095},
   adsurl = {http://adsabs.harvard.edu/abs/2016ApPhL.109c3508A},
  adsnote = {Provided by the SAO/NASA Astrophysics Data System}
}

@ARTICLE{rose2017coherent,
   author = {{Rose}, B.~C. and {Tyryshkin}, A.~M. and {Riemann}, H. and {Abrosimov}, N.~V. and 
	{Becker}, P. and {Pohl}, H.-J. and {Thewalt}, M.~L.~W. and {Itoh}, K.~M. and 
	{Lyon}, S.~A.},
    title = "{Coherent Rabi Dynamics of a Superradiant Spin Ensemble in a Microwave Cavity}",
  journal = {Physical Review X},
archivePrefix = "arXiv",
   eprint = {1702.00504},
 primaryClass = "quant-ph",
     year = 2017,
    month = jul,
   volume = 7,
   number = 3,
      eid = {031002},
    pages = {031002},
      doi = {10.1103/PhysRevX.7.031002},
   adsurl = {http://adsabs.harvard.edu/abs/2017PhRvX...7c1002R},
  adsnote = {Provided by the SAO/NASA Astrophysics Data System}
}

@INPROCEEDINGS{kapitanova2017dielectric,
   author = {{Kapitanova}, P. and {Soshenko}, V. and {Vorobyov}, V. and {Dobrykh}, D. and 
	{Bolshedvorskiih}, S. and {Sorokin}, V. and {Akimov}, A.},
    title = "{Dielectric resonator antenna for coupling to NV centers in diamond}",
booktitle = {American Institute of Physics Conference Series},
     year = 2017,
   series = {American Institute of Physics Conference Series},
   volume = 1874,
    month = sep,
      eid = {030017},
    pages = {030017},
      doi = {10.1063/1.4998046},
   adsurl = {http://adsabs.harvard.edu/abs/2017AIPC.1874c0017K},
  adsnote = {Provided by the SAO/NASA Astrophysics Data System}
}

@ARTICLE{mrozek2015circularly,
   author = {{Mr{\'o}zek}, M. and {Mlynarczyk}, J. and {Rudnicki}, D.~S. and 
	{Gawlik}, W.},
    title = "{Circularly polarized microwaves for magnetic resonance study in the GHz range: Application to nitrogen-vacancy in diamonds}",
  journal = {Applied Physics Letters},
archivePrefix = "arXiv",
   eprint = {1503.04612},
 primaryClass = "physics.atom-ph",
     year = 2015,
    month = jul,
   volume = 107,
   number = 1,
      eid = {013505},
    pages = {013505},
      doi = {10.1063/1.4923252},
   adsurl = {http://adsabs.harvard.edu/abs/2015ApPhL.107a3505M},
  adsnote = {Provided by the SAO/NASA Astrophysics Data System}
}


@article{zhang2016microwave,
  title={\href{https://link.springer.com/article/10.1007/s00723-016-0777-5}{Microwave magnetic field coupling with nitrogen-vacancy center ensembles in diamond with high homogeneity}},
  author={Zhang, Ning and Zhang, Chen and Xu, Lixia and Ding, Ming and Quan, Wei and Tang, Zheng and Yuan, Heng},
  journal={Applied Magnetic Resonance},
  volume={47},
  number={6},
  pages={589--599},
  year={2016},
  publisher={Springer}
}

@article{pham2011magnetic,
  title={Magnetic field imaging with nitrogen-vacancy ensembles},
  author={Pham, Linh My and Le Sage, David and Stanwix, Paul L and Yeung, Tsun Kwan and Glenn, D and Trifonov, Alexei and Cappellaro, Paola and Hemmer, PR and Lukin, Mikhail D and Park, Hongkun and others},
  journal={New Journal of Physics},
  volume={13},
  number={4},
  pages={045021},
  year={2011},
  publisher={IOP Publishing}
}

@article{lesage2013optical,
  title={\href{https://www.nature.com/articles/nature12072}{Optical magnetic imaging of living cells}},
  author={Le Sage, D and Arai, K and Glenn, DR and DeVience, SJ and Pham, LM and Rahn-Lee, L and Lukin, MD and Yacoby, A and Komeili, A and Walsworth, RL},
  journal={Nature},
  volume={496},
  number={7446},
  pages={486},
  year={2013},
  publisher={Nature Publishing Group}
}



@article{toyli2010chip,
  title={Chip-scale nanofabrication of single spins and spin arrays in diamond},
  author={Toyli, David M and Weis, Christoph D and Fuchs, Gregory D and Schenkel, Thomas and Awschalom, David D},
  journal={Nano letters},
  volume={10},
  number={8},
  pages={3168--3172},
  year={2010},
  publisher={ACS Publications}
}

@article{steinert2013magnetic,
  title={Magnetic spin imaging under ambient conditions with sub-cellular resolution},
  author={Steinert, S and Ziem, F and Hall, LT and Zappe, A and Schweikert, M and G{\"o}tz, N and Aird, A and Balasubramanian, G and Hollenberg, L and Wrachtrup, J},
  journal={Nature communications},
  volume={4},
  pages={1607},
  year={2013},
  publisher={Nature Publishing Group}
}

@article{ibarra1997wide,
   author = {{Ibarra}, A. and {Gonz{\'a}lez}, M. and {Vila}, R. and {Moll{\'a}}, J.
	},
    title = "{Wide frequency dielectric properties of CVD diamond}",
  journal = {Diamond and Related Materials},
     year = 1997,
    month = apr,
   volume = 6,
    pages = {856-859},
      doi = {10.1016/S0925-9635(96)00724-8},
   adsurl = {http://adsabs.harvard.edu/abs/1997DRM.....6..856I},
  adsnote = {Provided by the SAO/NASA Astrophysics Data System}
}


@article{balasubramanian2009ultralong,
  title={Ultralong spin coherence time in isotopically engineered diamond},
  author={Balasubramanian, Gopalakrishnan and Neumann, Philipp and Twitchen, Daniel and Markham, Matthew and Kolesov, Roman and Mizuochi, Norikazu and Isoya, Junichi and Achard, Jocelyn and Beck, Johannes and Tissler, Julia and others},
  journal={Nature materials},
  volume={8},
  number={5},
  pages={383},
  year={2009},
  publisher={Nature Publishing Group}
}

@article{hardy1981split,
  title={Split-ring resonator for use in magnetic resonance from 200--2000 MHz},
  author={Hardy, WN and Whitehead, LA},
  journal={Review of Scientific Instruments},
  volume={52},
  number={2},
  pages={213--216},
  year={1981},
  publisher={AIP}
}

@article{glenn2015single,
  title={\href{https://www.nature.com/articles/nmeth.3449}{Single-cell magnetic imaging using a quantum diamond microscope}},
  author={Glenn, David R and Lee, Kyungheon and Park, Hongkun and Weissleder, Ralph and Yacoby, Amir and Lukin, Mikhail D and Lee, Hakho and Walsworth, Ronald L and Connolly, Colin B},
  journal={Nature methods},
  volume={12},
  number={8},
  pages={736},
  year={2015},
  publisher={Nature Publishing Group}
}

@article{matsuzaki2016optically,
  title={Optically detected magnetic resonance of high-density ensemble of NV- centers in diamond},
  author={Matsuzaki, Yuichiro and Morishita, Hiroki and Shimooka, Takaaki and Tashima, Toshiyuki and Kakuyanagi, Kosuke and Semba, Kouichi and Munro, WJ and Yamaguchi, Hiroshi and Mizuochi, Norikazu and Saito, Shiro},
  journal={Journal of Physics: Condensed Matter},
  volume={28},
  number={27},
  pages={275302},
  year={2016},
  publisher={IOP Publishing}
}

@article{knowles2014observing,
  title={Observing bulk diamond spin coherence in high-purity nanodiamonds},
  author={Knowles, Helena S and Kara, Dhiren M and Atat{\"u}re, Mete},
  journal={Nature materials},
  volume={13},
  number={1},
  pages={21},
  year={2014},
  publisher={Nature Publishing Group}
}

@ARTICLE{chipaux2015magnetic,
   author = {{Chipaux}, M. and {Tallaire}, A. and {Achard}, J. and {Pezzagna}, S. and 
	{Meijer}, J. and {Jacques}, V. and {Roch}, J.-F. and {Debuisschert}, T.
	},
    title = "{Magnetic imaging with an ensemble of nitrogen vacancy-centers in diamond}",
  journal = {European Physical Journal D},
archivePrefix = "arXiv",
   eprint = {1410.0178},
 primaryClass = "cond-mat.mes-hall",
 keywords = {Atomic Physics},
     year = 2015,
    month = jul,
   volume = 69,
      eid = {166},
    pages = {166},
      doi = {10.1140/epjd/e2015-60080-1},
   adsurl = {http://adsabs.harvard.edu/abs/2015EPJD...69..166C},
  adsnote = {Provided by the SAO/NASA Astrophysics Data System}
}


@article{andrich2017long,
  title={\href{https://www.nature.com/articles/s41534-017-0029-z}{Long-range spin wave mediated control of defect qubits in nanodiamonds}},
  author={Andrich, Paolo and Charles, F and Liu, Xiaoying and Bretscher, Hope L and Berman, Jonson R and Heremans, F Joseph and Nealey, Paul F and Awschalom, David D},
  journal={npj Quantum Information},
  volume={3},
  number={1},
  pages={28},
  year={2017},
  publisher={Nature Publishing Group}
}

@ARTICLE{horowitz2012electron,
   author = {{Horowitz}, V.~R. and {Alem{\'a}n}, B.~J. and {Christle}, D.~J. and 
	{Cleland}, A.~N. and {Awschalom}, D.~D.},
    title = "{Electron spin resonance of nitrogen-vacancy centers in optically trapped nanodiamonds}",
  journal = {Proceedings of the National Academy of Science},
archivePrefix = "arXiv",
   eprint = {1206.1573},
 primaryClass = "cond-mat.mtrl-sci",
     year = 2012,
    month = aug,
   volume = 109,
    pages = {13493-13497},
      doi = {10.1073/pnas.1211311109},
   adsurl = {http://adsabs.harvard.edu/abs/2012PNAS..10913493H},
  adsnote = {Provided by the SAO/NASA Astrophysics Data System}
}


@article{glenn2017micrometer,
  title={Micrometer-scale magnetic imaging of geological samples using a quantum diamond microscope},
  author={Glenn, David R and Fu, Roger R and Kehayias, Pauli and Le Sage, David and Lima, Eduardo A and Weiss, Benjamin P and Walsworth, Ronald L},
  journal={Geochemistry, Geophysics, Geosystems},
  year={2017},
  publisher={Wiley Online Library}
}

@book{collins1948microwave,
  title={Microwave magnetrons},
  author={Collins, George Briggs},
  volume={6},
  year={1948},
  publisher={McGraw-Hill Book Company}
}

@ARTICLE{Franck2015Active,
   author = {{Franck}, J.~M. and {Barnes}, R.~P. and {Keller}, T.~J. and 
	{Kaufmann}, T. and {Han}, S.},
    title = "{Active cancellation - A means to zero dead-time pulse EPR}",
  journal = {Journal of Magnetic Resonance},
 keywords = {Pulse EPR, Arbitrary Waveform Generation, Active cancellation, AWG EPR, Dead-time limited EPR, FPGA EPR},
     year = 2015,
    month = dec,
   volume = 261,
    pages = {199-204},
      doi = {10.1016/j.jmr.2015.07.005},
   adsurl = {http://adsabs.harvard.edu/abs/2015JMagR.261..199F},
  adsnote = {Provided by the SAO/NASA Astrophysics Data System}
}

@ARTICLE{Smeltzer2009Robust,
   author = {{Smeltzer}, B. and {McIntyre}, J. and {Childress}, L.},
    title = "{Robust control of individual nuclear spins in diamond}",
  journal = {\pra},
archivePrefix = "arXiv",
   eprint = {0909.3896},
 primaryClass = "quant-ph",
 keywords = {Quantum computation, Optically detected magnetic resonance, Other topics in magnetic resonances and relaxations, Nuclear resonance and relaxation},
     year = 2009,
    month = nov,
   volume = 80,
   number = 5,
      eid = {050302},
    pages = {050302},
      doi = {10.1103/PhysRevA.80.050302},
   adsurl = {http://adsabs.harvard.edu/abs/2009PhRvA..80e0302S},
  adsnote = {Provided by the SAO/NASA Astrophysics Data System}
}

@ARTICLE{Jelezko2004Observation,
   author = {{Jelezko}, F. and {Gaebel}, T. and {Popa}, I. and {Gruber}, A. and 
	{Wrachtrup}, J.},
    title = "{Observation of Coherent Oscillations in a Single Electron Spin}",
  journal = {Physical Review Letters},
 keywords = {Impurity and defect levels, Decoherence, open systems, quantum statistical methods, Quantum error correction and other methods for protection against decoherence, Color centers and other defects},
     year = 2004,
    month = feb,
   volume = 92,
   number = 7,
      eid = {076401},
    pages = {076401},
      doi = {10.1103/PhysRevLett.92.076401},
   adsurl = {http://adsabs.harvard.edu/abs/2004PhRvL..92g6401J},
  adsnote = {Provided by the SAO/NASA Astrophysics Data System}
}

@ARTICLE{Steiner2010Universal,
   author = {{Steiner}, M. and {Neumann}, P. and {Beck}, J. and {Jelezko}, F. and 
	{Wrachtrup}, J.},
    title = "{Universal enhancement of the optical readout fidelity of single electron spins at nitrogen-vacancy centers in diamond}",
  journal = {\prb},
 keywords = {Color centers and other defects, Quantum information, Amorphous materials, glasses and other disordered solids},
     year = 2010,
    month = jan,
   volume = 81,
   number = 3,
      eid = {035205},
    pages = {035205},
      doi = {10.1103/PhysRevB.81.035205},
   adsurl = {http://adsabs.harvard.edu/abs/2010PhRvB..81c5205S},
  adsnote = {Provided by the SAO/NASA Astrophysics Data System}
}

@ARTICLE{mehdizadeh1983Loop,
   author = {{Mehdizadeh}, M. and {Ishii}, T.~K. and {Hyde}, J.~S. and {Froncisz}, W.
	},
    title = "{Loop-Gap Resonator: A Lumped Mode Microwave Resonant Structure}",
  journal = {IEEE Transactions on Microwave Theory Techniques},
     year = 1983,
    month = dec,
   volume = 31,
    pages = {1059-1064},
      doi = {10.1109/TMTT.1983.1131661},
   adsurl = {http://adsabs.harvard.edu/abs/1983ITMTT..31.1059M},
  adsnote = {Provided by the SAO/NASA Astrophysics Data System}
}

@ARTICLE{Smeltzer2009Quantum,
   author = {{Smeltzer}, B. and {McIntyre}, J. and {Childress}, L.},
    title = "{Robust control of individual nuclear spins in diamond}",
  journal = {\pra},
archivePrefix = "arXiv",
   eprint = {0909.3896},
 primaryClass = "quant-ph",
 keywords = {Quantum computation, Optically detected magnetic resonance, Other topics in magnetic resonances and relaxations, Nuclear resonance and relaxation},
     year = 2009,
    month = nov,
   volume = 80,
   number = 5,
      eid = {050302},
    pages = {050302},
      doi = {10.1103/PhysRevA.80.050302},
   adsurl = {http://adsabs.harvard.edu/abs/2009PhRvA..80e0302S},
  adsnote = {Provided by the SAO/NASA Astrophysics Data System}
}

@ARTICLE{qian2017anisotropic,
   author = {{Qian}, X. and {Jiang}, P. and {Yang}, R.},
    title = "{Anisotropic Thermal Conductivity of 4H and 6H Silicon Carbide Measured Using Time-Domain Thermoreflectance}",
  journal = {ArXiv e-prints},
archivePrefix = "arXiv",
   eprint = {1712.00830},
 primaryClass = "cond-mat.mtrl-sci",
 keywords = {Condensed Matter - Materials Science},
     year = 2017,
    month = dec,
   adsurl = {http://adsabs.harvard.edu/abs/2017arXiv171200830Q},
  adsnote = {Provided by the SAO/NASA Astrophysics Data System}
}

@ARTICLE{doherty2013thenitrogen,
   author = {{Doherty}, M.~W. and {Manson}, N.~B. and {Delaney}, P. and {Jelezko}, F. and 
	{Wrachtrup}, J. and {Hollenberg}, L.~C.~L.},
    title = "{The nitrogen-vacancy colour centre in diamond}",
  journal = {\physrep},
archivePrefix = "arXiv",
   eprint = {1302.3288},
 primaryClass = "cond-mat.mtrl-sci",
     year = 2013,
    month = jul,
   volume = 528,
    pages = {1-45},
      doi = {10.1016/j.physrep.2013.02.001},
   adsurl = {http://adsabs.harvard.edu/abs/2013PhR...528....1D},
  adsnote = {Provided by the SAO/NASA Astrophysics Data System}
}

@ARTICLE{mehdizadeh1989Electromagnetic,
   author = {{Mehdizadeh}, M. and {Ishii}, T.~K.},
    title = "{Electromagnetic field analysis and calculation of the resonance characteristics of the loop-gap resonator}",
  journal = {IEEE Transactions on Microwave Theory Techniques},
     year = 1989,
    month = jul,
   volume = 37,
    pages = {1113-1118},
      doi = {10.1109/22.24556},
   adsurl = {http://adsabs.harvard.edu/abs/1989ITMTT..37.1113M},
  adsnote = {Provided by the SAO/NASA Astrophysics Data System}
}

@article{mehdizadeh1983investigation,
  title={An investigation on electromagnetic fields and properties of the loop-gap resonator, a lumped mode microwave resonant structure},
  author={Mehdizadeh, Mehrdad},
  year={1983}
}

@ARTICLE{gardiol1985open,
   author = {{Gardiol}, F.~E.},
    title = "{Open-ended waveguides - Principles and applications}",
  journal = {Advances in Electronics and Electron Physics},
 keywords = {Antenna Design, Antenna Radiation Patterns, Circular Waveguides, Rectangular Waveguides, Reflectometers, Waveguide Antennas, Coaxial Cables, Equivalent Circuits, Flat Plates, Green'S Functions, Hyperthermia, Lossy Media, Maxwell Equation, Metal Plates, Microstrip Transmission Lines, Standing Wave Ratios, Thermography, Variational Principles},
     year = 1985,
   volume = 63,
    pages = {139-187},
   adsurl = {http://adsabs.harvard.edu/abs/1985aeep...63..139G},
  adsnote = {Provided by the SAO/NASA Astrophysics Data System}
}


