@article{clevenson2015broadband,
  title={Broadband magnetometry and temperature sensing with a light-trapping diamond waveguide},
  author={Clevenson, Hannah and Trusheim, Matthew E and Teale, Carson and Schr{\"o}der, Tim and Braje, Danielle and Englund, Dirk},
  journal={\href{https://www.nature.com/articles/nphys3291}{Nature Physics}},
  volume={\href{https://www.nature.com/articles/nphys3291}{11}},
  number={\href{https://www.nature.com/articles/nphys3291}{5}},
  pages={\href{https://www.nature.com/articles/nphys3291}{393}},
  year={\href{https://www.nature.com/articles/nphys3291}{2015}},
  publisher={Nature Publishing Group}
}

@article{barry2016optical,
  title={Optical magnetic detection of single-neuron action potentials using quantum defects in diamond},
  author={Barry, John F and Turner, Matthew J and Schloss, Jennifer M and Glenn, David R and Song, Yuyu and Lukin, Mikhail D and Park, Hongkun and Walsworth, Ronald L},
  journal={Proceedings of the National Academy of Sciences},
  volume={113},
  number={49},
  pages={14133--14138},
  year={2016},
  publisher={National Acad Sciences}
}

@article{doherty2013nitrogen,
  title={The nitrogen-vacancy colour centre in diamond},
  author={Doherty, Marcus W and Manson, Neil B and Delaney, Paul and Jelezko, Fedor and Wrachtrup, J{\"o}rg and Hollenberg, Lloyd CL},
  journal={\href{https://www.sciencedirect.com/science/article/pii/S0370157313000562?via%3Dihub}{Physics Reports}},
  volume={\href{https://www.sciencedirect.com/science/article/pii/S0370157313000562?via%3Dihub}{528}},
  number={\href{https://www.sciencedirect.com/science/article/pii/S0370157313000562?via%3Dihub}{1}},
  pages={\href{https://www.sciencedirect.com/science/article/pii/S0370157313000562?via%3Dihub}{1--45}},
  year={\href{https://www.sciencedirect.com/science/article/pii/S0370157313000562?via%3Dihub}{2013}},
  publisher={\href{https://www.sciencedirect.com/science/article/pii/S0370157313000562?via%3Dihub}{Elsevier}}
}

@article{doherty2012theory,
  title={Theory of the ground-state spin of the NV- center in diamond},
  author={Doherty, MW and Dolde, F and Fedder, H and Jelezko, F and Wrachtrup, J and Manson, NB and Hollenberg, LCL},
  journal={\href{https://journals.aps.org/prb/abstract/10.1103/PhysRevB.85.205203}{Physical Review B}},
  volume={\href{https://journals.aps.org/prb/abstract/10.1103/PhysRevB.85.205203}{85}},
  number={\href{https://journals.aps.org/prb/abstract/10.1103/PhysRevB.85.205203}{20}},
  pages={\href{https://journals.aps.org/prb/abstract/10.1103/PhysRevB.85.205203}{205203}},
  year={\href{https://journals.aps.org/prb/abstract/10.1103/PhysRevB.85.205203}{2012}},
  publisher={APS}
}

@book{pham2013magnetic,
  title={Magnetic field sensing with nitrogen-vacancy color centers in diamond},
  author={Pham, Linh My},
  year={\href{http://walsworth.physics.harvard.edu/publications/2013_Pham_HUPhDThesis.pdf}{2013}},
  publisher={\href{http://walsworth.physics.harvard.edu/publications/2013_Pham_HUPhDThesis.pdf}{Harvard University}}
}

@article{maze2008electron,
  title={Electron spin decoherence of single nitrogen-vacancy defects in diamond},
  author={Maze, JR and Taylor, JM and Lukin, MD},
  journal={\href{https://journals.aps.org/prb/abstract/10.1103/PhysRevB.78.094303}{Physical Review B}},
  volume={\href{https://journals.aps.org/prb/abstract/10.1103/PhysRevB.78.094303}{78}},
  number={\href{https://journals.aps.org/prb/abstract/10.1103/PhysRevB.78.094303}{9}},
  pages={\href{https://journals.aps.org/prb/abstract/10.1103/PhysRevB.78.094303}{094303}},
  year={\href{https://journals.aps.org/prb/abstract/10.1103/PhysRevB.78.094303}{2008}},
  publisher={\href{https://journals.aps.org/prb/abstract/10.1103/PhysRevB.78.094303}{APS}}
}

@article{schirhagl2014nitrogen,
  title={Nitrogen-vacancy centers in diamond: nanoscale sensors for physics and biology},
  author={Schirhagl, Romana and Chang, Kevin and Loretz, Michael and Degen, Christian L},
  journal={\href{http://www.annualreviews.org/doi/abs/10.1146/annurev-physchem-040513-103659}{Annual review of physical chemistry}},
  volume={\href{http://www.annualreviews.org/doi/abs/10.1146/annurev-physchem-040513-103659}{65}},
  pages={\href{http://www.annualreviews.org/doi/abs/10.1146/annurev-physchem-040513-103659}{83--105}},
  year={\href{http://www.annualreviews.org/doi/abs/10.1146/annurev-physchem-040513-103659}{2014}},
  publisher={\href{http://www.annualreviews.org/doi/abs/10.1146/annurev-physchem-040513-103659}{Annual Reviews}}
}

@article{maze2011properties,
  title={Properties of nitrogen-vacancy centers in diamond: the group theoretic approach},
  author={Maze, JR and Gali, Adam and Togan, Emre and Chu, Yiwen and Trifonov, Alexei and Kaxiras, Efthimios and Lukin, MD},
  journal={\href{http://iopscience.iop.org/article/10.1088/1367-2630/13/2/025025}{New Journal of Physics}},
  volume={\href{http://iopscience.iop.org/article/10.1088/1367-2630/13/2/025025}{13}},
  number={\href{http://iopscience.iop.org/article/10.1088/1367-2630/13/2/025025}{2}},
  pages={\href{http://iopscience.iop.org/article/10.1088/1367-2630/13/2/025025}{025025}},
  year={\href{http://iopscience.iop.org/article/10.1088/1367-2630/13/2/025025}{2011}},
  publisher={\href{http://iopscience.iop.org/article/10.1088/1367-2630/13/2/025025}{IOP Publishing}}
}

@incollection{jensen2017magnetometry,
  title={Magnetometry with Nitrogen-Vacancy Centers in Diamond},
  author={Jensen, Kasper and Kehayias, Pauli and Budker, Dmitry},
  booktitle={\href{https://link.springer.com/chapter/10.1007/978-3-319-34070-8_18}{High Sensitivity Magnetometers}},
  pages={\href{https://link.springer.com/chapter/10.1007/978-3-319-34070-8_18}{553--576}},
  year={\href{https://link.springer.com/chapter/10.1007/978-3-319-34070-8_18}{2017}},
  publisher={\href{https://link.springer.com/chapter/10.1007/978-3-319-34070-8_18}{Springer}}
}

@article{wolf2015subpicotesla,
  title={Subpicotesla diamond magnetometry},
  author={Wolf, Thomas and Neumann, Philipp and Nakamura, Kazuo and Sumiya, Hitoshi and Ohshima, Takeshi and Isoya, Junichi and Wrachtrup, J{\"o}rg},
  journal={\href{https://journals.aps.org/prx/abstract/10.1103/PhysRevX.5.041001}{Physical Review X}},
  volume={\href{https://journals.aps.org/prx/abstract/10.1103/PhysRevX.5.041001}{5}},
  number={\href{https://journals.aps.org/prx/abstract/10.1103/PhysRevX.5.041001}{4}},
  pages={\href{https://journals.aps.org/prx/abstract/10.1103/PhysRevX.5.041001}{041001}},
  year={\href{https://journals.aps.org/prx/abstract/10.1103/PhysRevX.5.041001}{2015}},
  publisher={\href{https://journals.aps.org/prx/abstract/10.1103/PhysRevX.5.041001}{APS}}
}

@article{wang2012comparison,
  title={Comparison of dynamical decoupling protocols for a nitrogen-vacancy center in diamond},
  author={Wang, Zhi-Hui and De Lange, G and Rist{\`e}, D and Hanson, R and Dobrovitski, VV},
  journal={\href{https://journals.aps.org/prb/abstract/10.1103/PhysRevB.85.155204}{Physical Review B}},
  volume={\href{https://journals.aps.org/prb/abstract/10.1103/PhysRevB.85.155204}{85}},
  number={\href{https://journals.aps.org/prb/abstract/10.1103/PhysRevB.85.155204}{15}},
  pages={\href{https://journals.aps.org/prb/abstract/10.1103/PhysRevB.85.155204}{155204}},
  year={\href{https://journals.aps.org/prb/abstract/10.1103/PhysRevB.85.155204}{2012}},
  publisher={\href{https://journals.aps.org/prb/abstract/10.1103/PhysRevB.85.155204}{APS}}
}

@article{bayat2014efficient,
  title={Efficient, Uniform, and Large Area Microwave Magnetic Coupling to NV Centers in Diamond Using Double Split-Ring Resonators},
  author={Bayat, Khadijeh and Choy, Jennifer and Farrokh Baroughi, Mahdi and Meesala, Srujan and Loncar, Marko},
  journal={\href{}{Nano letters}},
  volume={\href{}{14}},
  number={\href{}{3}},
  pages={\href{}{1208--1213}},
  year={\href{}{2014}},
  publisher={\href{}{ACS Publications}}
}

@article{dumeige2013magnetometry,
  title={Magnetometry with nitrogen-vacancy ensembles in diamond based on infrared absorption in a doubly resonant optical cavity},
  author={Dumeige, Yannick and Chipaux, Mayeul and Jacques, Vincent and Treussart, Fran{\c{c}}ois and Roch, J-F and Debuisschert, Thierry and Acosta, Victor M and Jarmola, Andrey and Jensen, Kasper and Kehayias, Pauli and others},
  journal={\href{https://journals.aps.org/prb/abstract/10.1103/PhysRevB.87.155202}{Physical Review B}},
  volume={\href{https://journals.aps.org/prb/abstract/10.1103/PhysRevB.87.155202}{87}},
  number={\href{https://journals.aps.org/prb/abstract/10.1103/PhysRevB.87.155202}{15}},
  pages={\href{https://journals.aps.org/prb/abstract/10.1103/PhysRevB.87.155202}{155202}},
  year={\href{https://journals.aps.org/prb/abstract/10.1103/PhysRevB.87.155202}{2013}},
  publisher={\href{https://journals.aps.org/prb/abstract/10.1103/PhysRevB.87.155202}{APS}}
}

@article{ahmadi2017pump,
  title={Pump-Enhanced Continuous-Wave Magnetometry Using Nitrogen-Vacancy Ensembles},
  author={Ahmadi, Sepehr and El-Ella, Haitham AR and Hansen, J{\o}rn OB and Huck, Alexander and Andersen, Ulrik L},
  journal={\href{https://journals.aps.org/prapplied/abstract/10.1103/PhysRevApplied.8.034001}{Physical Review Applied}},
  volume={\href{https://journals.aps.org/prapplied/abstract/10.1103/PhysRevApplied.8.034001}{8}},
  number={\href{https://journals.aps.org/prapplied/abstract/10.1103/PhysRevApplied.8.034001}{3}},
  pages={\href{https://journals.aps.org/prapplied/abstract/10.1103/PhysRevApplied.8.034001}{034001}},
  year={\href{https://journals.aps.org/prapplied/abstract/10.1103/PhysRevApplied.8.034001}{2017}},
  publisher={\href{https://journals.aps.org/prapplied/abstract/10.1103/PhysRevApplied.8.034001}{APS}}
}

@article{haikka2017proposal,
  title={Proposal for detecting a single electron spin in a microwave resonator},
  author={Haikka, P and Kubo, Y and Bienfait, A and Bertet, Patrice and M{\o}lmer, K},
  journal={\href{https://journals.aps.org/pra/abstract/10.1103/PhysRevA.95.022306}{Physical Review A}},
  volume={\href{https://journals.aps.org/pra/abstract/10.1103/PhysRevA.95.022306}{95}},
  number={\href{https://journals.aps.org/pra/abstract/10.1103/PhysRevA.95.022306}{2}},
  pages={\href{https://journals.aps.org/pra/abstract/10.1103/PhysRevA.95.022306}{022306}},
  year={\href{https://journals.aps.org/pra/abstract/10.1103/PhysRevA.95.022306}{2017}},
  publisher={\href{https://journals.aps.org/pra/abstract/10.1103/PhysRevA.95.022306}{APS}}
}

@article{sasaki2016broadband,
  title={Broadband, large-area microwave antenna for optically detected magnetic resonance of nitrogen-vacancy centers in diamond},
  author={Sasaki, Kento and Monnai, Yasuaki and Saijo, Soya and Fujita, Ryushiro and Watanabe, Hideyuki and Ishi-Hayase, Junko and Itoh, Kohei M and Abe, Eisuke},
  journal={\href{http://aip.scitation.org/doi/full/10.1063/1.4952418}{Review of Scientific Instruments}},
  volume={\href{http://aip.scitation.org/doi/full/10.1063/1.4952418}{87}},
  number={\href{http://aip.scitation.org/doi/full/10.1063/1.4952418}{5}},
  pages={\href{http://aip.scitation.org/doi/full/10.1063/1.4952418}{053904}},
  year={\href{http://aip.scitation.org/doi/full/10.1063/1.4952418}{2016}},
  publisher={\href{http://aip.scitation.org/doi/full/10.1063/1.4952418}{AIP Publishing}}
}

@article{webb2014cavity,
  title={Cavity-and waveguide-resonators in electron paramagnetic resonance, nuclear magnetic resonance, and magnetic resonance imaging},
  author={Webb, Andrew},
  journal={\href{https://www.sciencedirect.com/science/article/pii/S0079656514000624}{Progress in nuclear magnetic resonance spectroscopy}},
  volume={\href{https://www.sciencedirect.com/science/article/pii/S0079656514000624}{83}},
  pages={\href{https://www.sciencedirect.com/science/article/pii/S0079656514000624}{1--20}},
  year={\href{https://www.sciencedirect.com/science/article/pii/S0079656514000624}{2014}},
  publisher={\href{https://www.sciencedirect.com/science/article/pii/S0079656514000624}{Elsevier}}
}

@book{childress2007coherent,
  title={Coherent manipulation of single quantum systems in the solid state},
  author={Childress, Lilian Isabel},
  year={\href{https://sites.fas.harvard.edu/~phys191r/References/d4/LilyThesis.pdf}{2007}},
  publisher={\href{https://sites.fas.harvard.edu/~phys191r/References/d4/LilyThesis.pdf}{Harvard University}}
}

@article{wang2015high,
  title={High-resolution vector microwave magnetometry based on solid-state spins in diamond},
  author={Wang, Pengfei and Yuan, Zhenheng and Huang, Pu and Rong, Xing and Wang, Mengqi and Xu, Xiangkun and Duan, Changkui and Ju, Chenyong and Shi, Fazhan and Du, Jiangfeng},
  journal={\href{https://www.nature.com/articles/ncomms7631}{Nature communications}},
  volume={\href{https://www.nature.com/articles/ncomms7631}{6}},
  pages={\href{https://www.nature.com/articles/ncomms7631}{6631}},
  year={\href{https://www.nature.com/articles/ncomms7631}{2015}},
  publisher={\href{https://www.nature.com/articles/ncomms7631}{Nature Publishing Group}}
}

@book{pozar2009microwave,
  title={Microwave engineering},
  author={Pozar, David M},
  year={2009},
  publisher={John Wiley \& Sons}
}

@article{froncisz1982loop,
  title={The loop-gap resonator: a new microwave lumped circuit ESR sample structure},
  author={Froncisz, Wojciech and Hyde, James S},
  journal={\href{https://www.sciencedirect.com/science/article/pii/0022236482902219}{Journal of Magnetic Resonance (1969)}},
  volume={\href{https://www.sciencedirect.com/science/article/pii/0022236482902219}{47}},
  number={\href{https://www.sciencedirect.com/science/article/pii/0022236482902219}{3}},
  pages={\href{https://www.sciencedirect.com/science/article/pii/0022236482902219}{515--521}},
  year={\href{https://www.sciencedirect.com/science/article/pii/0022236482902219}{1982}},
  publisher={\href{https://www.sciencedirect.com/science/article/pii/0022236482902219}{Elsevier}}
}

@article{chen2017high,
  title={High-sensitivity spin-based electrometry with an ensemble of nitrogen-vacancy centers in diamond},
  author={Chen, Edward H and Clevenson, Hannah A and Johnson, Kerry A and Pham, Linh M and Englund, Dirk R and Hemmer, Philip R and Braje, Danielle A},
  journal={\href{https://journals.aps.org/pra/abstract/10.1103/PhysRevA.95.053417}{Physical Review A}},
  volume={\href{https://journals.aps.org/pra/abstract/10.1103/PhysRevA.95.053417}{95}},
  number={\href{https://journals.aps.org/pra/abstract/10.1103/PhysRevA.95.053417}{5}},
  pages={\href{https://journals.aps.org/pra/abstract/10.1103/PhysRevA.95.053417}{053417}},
  year={\href{https://journals.aps.org/pra/abstract/10.1103/PhysRevA.95.053417}{2017}},
  publisher={\href{https://journals.aps.org/pra/abstract/10.1103/PhysRevA.95.053417}{APS}}
}

@article{ajoy2012stable,
  title={Stable three-axis nuclear-spin gyroscope in diamond},
  author={Ajoy, Ashok and Cappellaro, Paola},
  journal={\href{https://journals.aps.org/pra/abstract/10.1103/PhysRevA.86.062104}{Physical Review A}},
  volume={\href{https://journals.aps.org/pra/abstract/10.1103/PhysRevA.86.062104}{86}},
  number={\href{https://journals.aps.org/pra/abstract/10.1103/PhysRevA.86.062104}{6}},
  pages={\href{https://journals.aps.org/pra/abstract/10.1103/PhysRevA.86.062104}{062104}},
  year={\href{https://journals.aps.org/pra/abstract/10.1103/PhysRevA.86.062104}{2012}},
  publisher={\href{https://journals.aps.org/pra/abstract/10.1103/PhysRevA.86.062104}{APS}}
}

@article{doherty2014temperature,
  title={Temperature shifts of the resonances of the NV- center in diamond},
  author={Doherty, Marcus W and Acosta, Victor M and Jarmola, Andrey and Barson, Michael SJ and Manson, Neil B and Budker, Dmitry and Hollenberg, Lloyd CL},
  journal={\href{https://journals.aps.org/prb/abstract/10.1103/PhysRevB.90.041201}{Physical Review B}},
  volume={\href{https://journals.aps.org/prb/abstract/10.1103/PhysRevB.90.041201}{90}},
  number={\href{https://journals.aps.org/prb/abstract/10.1103/PhysRevB.90.041201}{4}},
  pages={\href{https://journals.aps.org/prb/abstract/10.1103/PhysRevB.90.041201}{041201}},
  year={\href{https://journals.aps.org/prb/abstract/10.1103/PhysRevB.90.041201}{2014}},
  publisher={\href{https://journals.aps.org/prb/abstract/10.1103/PhysRevB.90.041201}{APS}}
}

@article{toyli2013fluorescence,
  title={Fluorescence thermometry enhanced by the quantum coherence of single spins in diamond},
  author={Toyli, David M and Charles, F and Christle, David J and Dobrovitski, Viatcheslav V and Awschalom, David D},
  journal={Proceedings of the National Academy of Sciences},
  volume={110},
  number={21},
  pages={8417--8421},
  year={2013},
  publisher={National Acad Sciences}
}

@article{blakley2015room,
  title={Room-temperature magnetic gradiometry with fiber-coupled nitrogen-vacancy centers in diamond},
  author={Blakley, SM and Fedotov, IV and Kilin, S Ya and Zheltikov, AM},
  journal={Optics letters},
  volume={40},
  number={16},
  pages={3727--3730},
  year={2015},
  publisher={Optical Society of America}
}

@article{farfurnik2015optimizing,
  title={Optimizing a dynamical decoupling protocol for solid-state electronic spin ensembles in diamond},
  author={Farfurnik, Demitry and Jarmola, Andrey and Pham, Linh M and Wang, Zhi-Hui and Dobrovitski, Viatcheslav V and Walsworth, Ronald Lee and Budker, Dmitry and Bar-Gill, Nir},
  journal={\href{https://journals.aps.org/prb/abstract/10.1103/PhysRevB.92.060301}{Physical Review B}},
  volume={\href{https://journals.aps.org/prb/abstract/10.1103/PhysRevB.92.060301}{92}},
  number={\href{https://journals.aps.org/prb/abstract/10.1103/PhysRevB.92.060301}{6}},
  pages={\href{https://journals.aps.org/prb/abstract/10.1103/PhysRevB.92.060301}{060301}},
  year={\href{https://journals.aps.org/prb/abstract/10.1103/PhysRevB.92.060301}{2015}},
  publisher={\href{https://journals.aps.org/prb/abstract/10.1103/PhysRevB.92.060301}{APS}}
}

@article{ovartchaiyapong2014dynamic,
  title={Dynamic strain-mediated coupling of a single diamond spin to a mechanical resonator},
  author={Ovartchaiyapong, Preeti and Lee, Kenneth W and Myers, Bryan A and Jayich, Ania C Bleszynski},
  journal={Nature communications},
  volume={5},
  year={2014},
  publisher={Nature Publishing Group}
}

@article{cooper2014time,
  title={Time-resolved magnetic sensing with electronic spins in diamond},
  author={Cooper, Alexandre and Magesan, Easwar and Yum, HoNam and Cappellaro, Paola},
  journal={\href{https://www.nature.com/articles/ncomms5429}{Nature communications}},
  volume={\href{https://www.nature.com/articles/ncomms5429}{5}},
  pages={\href{https://www.nature.com/articles/ncomms5429}{3141}},
  year={\href{https://www.nature.com/articles/ncomms5429}{2014}},
  publisher={\href{https://www.nature.com/articles/ncomms5429}{Nature Publishing Group}}
}

@article{bar2013solid,
  title={Solid-state electronic spin coherence time approaching one second},
  author={Bar-Gill, Nir and Pham, Linh M and Jarmola, Andrejs and Budker, Dmitry and Walsworth, Ronald L},
  journal={\href{https://www.nature.com/articles/ncomms2771}{Nature communications}},
  volume={\href{https://www.nature.com/articles/ncomms2771}{4}},
  pages={\href{https://www.nature.com/articles/ncomms2771}{1743}},
  year={\href{https://www.nature.com/articles/ncomms2771}{2013}},
  publisher={\href{https://www.nature.com/articles/ncomms2771}{Nature Research}}
}

@article{rondin2014magnetometry,
  title={Magnetometry with nitrogen-vacancy defects in diamond},
  author={Rondin, L and Tetienne, JP and Hingant, T and Roch, JF and Maletinsky, P and Jacques, V},
  journal={\href{http://iopscience.iop.org/article/10.1088/0034-4885/77/5/056503}{Reports on progress in physics}},
  volume={\href{http://iopscience.iop.org/article/10.1088/0034-4885/77/5/056503}{77}},
  number={\href{http://iopscience.iop.org/article/10.1088/0034-4885/77/5/056503}{5}},
  pages={\href{http://iopscience.iop.org/article/10.1088/0034-4885/77/5/056503}{056503}},
  year={\href{http://iopscience.iop.org/article/10.1088/0034-4885/77/5/056503}{2014}},
  publisher={\href{http://iopscience.iop.org/article/10.1088/0034-4885/77/5/056503}{IOP Publishing}}
}

@article{rinard2005loop,
  title={Loop-gap resonators},
  author={Rinard, George A and Eaton, Gareth R},
  journal={\href{https://link.springer.com/chapter/10.1007/0-306-48533-8_2}{Biomedical EPR, Part B: Methodology, Instrumentation, and Dynamics}},
  volume={\href{https://link.springer.com/chapter/10.1007/0-306-48533-8_2}{24}},
  pages={\href{https://link.springer.com/chapter/10.1007/0-306-48533-8_2}{19--52}},
  year={\href{https://link.springer.com/chapter/10.1007/0-306-48533-8_2}{2005}},
  publisher={\href{https://link.springer.com/chapter/10.1007/0-306-48533-8_2}{Springer}}
}

@article{piasecki1993field,
  title={Field distributions in loop-gap resonators},
  author={Piasecki, Wojciech and Froncisz, Wojciech},
  journal={\href{http://iopscience.iop.org/article/10.1088/0957-0233/4/12/009}{Measurement Science and Technology}},
  volume={\href{http://iopscience.iop.org/article/10.1088/0957-0233/4/12/009}{4}},
  number={\href{http://iopscience.iop.org/article/10.1088/0957-0233/4/12/009}{12}},
  pages={\href{http://iopscience.iop.org/article/10.1088/0957-0233/4/12/009}{1363}},
  year={\href{http://iopscience.iop.org/article/10.1088/0957-0233/4/12/009}{1993}},
  publisher={\href{http://iopscience.iop.org/article/10.1088/0957-0233/4/12/009}{IOP Publishing}}
}

@article{grinolds2013nanoscale,
  title={Nanoscale magnetic imaging of a single electron spin under ambient conditions},
  author={Grinolds, Michael Sean and Hong, Sungkun and Maletinsky, Patrick and Luan, Lan and Lukin, Mikhail D and Walsworth, Ronald Lee and Yacoby, Amir},
  journal={Nature Physics},
  volume={9},
  number={4},
  pages={215},
  year={2013},
  publisher={Nature Publishing Group}
}

@article{wu2016diamond,
  title={Diamond quantum devices in biology},
  author={Wu, Yuzhou and Jelezko, Fedor and Plenio, Martin B and Weil, Tanja},
  journal={Angewandte Chemie International Edition},
  volume={55},
  number={23},
  pages={6586--6598},
  year={2016},
  publisher={Wiley Online Library}
}

@article{hong2013nanoscale,
  title={Nanoscale magnetometry with NV centers in diamond},
  author={Hong, Sungkun and Grinolds, Michael S and Pham, Linh M and Le Sage, David and Luan, Lan and Walsworth, Ronald L and Yacoby, Amir},
  journal={MRS bulletin},
  volume={38},
  number={2},
  pages={155--161},
  year={2013},
  publisher={Cambridge University Press}
}

@article{acosta2009diamonds,
  title={Diamonds with a high density of nitrogen-vacancy centers for magnetometry applications},
  author={Acosta, VM and Bauch, E and Ledbetter, MP and Santori, C and Fu, K-MC and Barclay, PE and Beausoleil, RG and Linget, H and Roch, JF and Treussart, F and others},
  journal={Physical Review B},
  volume={80},
  number={11},
  pages={115202},
  year={2009},
  publisher={APS}
}

@article{mett2009coupling,
  title={Coupling of waveguide and resonator by inductive and capacitive irises for EPR spectroscopy},
  author={Mett, RR and Sidabras, JW and Hyde, JS},
  journal={Applied magnetic resonance},
  volume={35},
  number={2},
  pages={285--318},
  year={2009},
  publisher={Springer}
}

@article{rinard1993microwave,
  title={Microwave coupling structures for spectroscopy},
  author={Rinard, George A and Quine, Richard W and Eaton, Sandra S and Eaton, Gareth R},
  journal={Journal of Magnetic Resonance, Series A},
  volume={105},
  number={2},
  pages={137--144},
  year={1993},
  publisher={Elsevier}
}

@article{yokoyama2001automatic,
  title={Automatic Coupling Control of a Loop--Gap Resonator by a Variable Capacitor Attached Coupling Coil for EPR Measurements at 650 MHz},
  author={Yokoyama, Hidekastu and Sato, Toshiyuki and Ogata, Tateaki and Ohya, Hiroaki and Kamada, Hitoshi},
  journal={Journal of Magnetic Resonance},
  volume={149},
  number={1},
  pages={29--35},
  year={2001},
  publisher={Elsevier}
}

@article{petryakov2001bridged,
  title={A bridged loop--gap S-band surface resonator for topical EPR spectroscopy},
  author={Petryakov, Sergey and Chzhan, Michael and Samouilov, Alexandre and He, Guanglong and Kuppusamy, Periannan and Zweier, Jay L},
  journal={Journal of Magnetic Resonance},
  volume={151},
  number={1},
  pages={124--128},
  year={2001},
  publisher={Elsevier}
}

@article{helmenstine2014table,
  title={Table of electrical resistivity and conductivity},
  author={Helmenstine, Anne Marie},
  journal={About. com},
  volume={2},
  year={2014}
}

@online{SiCTable,
  author={Microwaves101},
  title={Silicon Carbide},
  url={https://www.microwaves101.com/encyclopedias/silicon-carbide}
}

@online{DCandLossTTable,
  author={RFCafe},
  title={Dielectric Constant, Strength, and Loss Tangent},
  url={http://www.rfcafe.com/references/electrical/dielectric-constants-strengths.htm}
}

@online{SapphireTable,
  author={mt-berlin},
  title={Sapphire (Al2O3)},
  url={http://www.mt-berlin.com/frames_cryst/descriptions/sapphire.htm}
}

@manual{Rogers:RO4350BData,
  organization={Rogers Corporation},
  title={RO4000 Series High Frequency Circuit Materials},
  number={92 004},
  year ={2017} 
}

@article{froncisz1986q,
  title={Q-band loop-gap resonator},
  author={Froncisz, W and Oles, T and Hyde, James S},
  journal={Review of scientific instruments},
  volume={57},
  number={6},
  pages={1095--1099},
  year={1986},
  publisher={AIP}
}

@article{jensen2014cavity,
  title={Cavity-enhanced room-temperature magnetometry using absorption by nitrogen-vacancy centers in diamond},
  author={Jensen, Kasper and Leefer, Nathan and Jarmola, Andrey and Dumeige, Yannick and Acosta, Victor M and Kehayias, Pauli and Patton, Brian and Budker, Dmitry},
  journal={Physical review letters},
  volume={112},
  number={16},
  pages={160802},
  year={2014},
  publisher={APS}
}

@article{shin2012room,
  title={Room-temperature operation of a radiofrequency diamond magnetometer near the shot-noise limit},
  author={Shin, Chang S and Avalos, Claudia E and Butler, Mark C and Trease, David R and Seltzer, Scott J and Peter Mustonen, J and Kennedy, Daniel J and Acosta, Victor M and Budker, Dmitry and Pines, Alexander and others},
  journal={Journal of Applied Physics},
  volume={112},
  number={12},
  pages={124519},
  year={2012},
  publisher={AIP}
}

@article{taylor2008high,
  title={High-sensitivity diamond magnetometer with nanoscale resolution},
  author={Taylor, JM and Cappellaro, P and Childress, L and Jiang, L and Budker, D and Hemmer, PR and Yacoby, A and Walsworth, R and Lukin, MD},
  journal={Nature Physics},
  volume={4},
  number={10},
  pages={810},
  year={2008},
  publisher={Nature Publishing Group}
}

@article{balasubramanian2008nanoscale,
  title={Nanoscale imaging magnetometry with diamond spins under ambient conditions},
  author={Balasubramanian, Gopalakrishnan and Chan, IY and Kolesov, Roman and Al-Hmoud, Mohannad and Tisler, Julia and Shin, Chang and Kim, Changdong and Wojcik, Aleksander and Hemmer, Philip R and Krueger, Anke and others},
  journal={Nature},
  volume={455},
  number={7213},
  pages={648},
  year={2008},
  publisher={Nature Publishing Group}
}

@article{dolde2011electric,
  title={Electric-field sensing using single diamond spins},
  author={Dolde, Florian and Fedder, Helmut and Doherty, Marcus W and N{\"o}bauer, Tobias and Rempp, Florian and Balasubramanian, Gopalakrishnan and Wolf, Thomas and Reinhard, Friedemann and Hollenberg, Lloyd CL and Jelezko, Fedor and others},
  journal={Nature Physics},
  volume={7},
  number={6},
  pages={459},
  year={2011},
  publisher={Nature Publishing Group}
}

@article{maze2008nanoscale,
  title={Nanoscale magnetic sensing with an individual electronic spin in diamond},
  author={Maze, JR and Stanwix, PL and Hodges, JS and Hong, S and Taylor, JM and Cappellaro, P and Jiang, L and Dutt, MV Gurudev and Togan, E and Zibrov, AS and others},
  journal={Nature},
  volume={455},
  number={7213},
  pages={644},
  year={2008},
  publisher={Nature Publishing Group}
}

@article{childress2013diamond,
  title={Diamond NV centers for quantum computing and quantum networks},
  author={Childress, Lilian and Hanson, Ronald},
  journal={MRS bulletin},
  volume={38},
  number={2},
  pages={134--138},
  year={2013},
  publisher={Cambridge University Press}
}

@article{gaebel2006room,
  title={Room-temperature coherent coupling of single spins in diamond},
  author={Gaebel, Torsten and Domhan, Michael and Popa, Iulian and Wittmann, Christoffer and Neumann, Philipp and Jelezko, Fedor and Rabeau, James R and Stavrias, Nikolas and Greentree, Andrew D and Prawer, Steven and others},
  journal={Nature Physics},
  volume={2},
  number={6},
  pages={408},
  year={2006},
  publisher={Nature Publishing Group}
}


@article{dutt2007quantum,
  title={Quantum register based on individual electronic and nuclear spin qubits in diamond},
  author={Dutt, MV Gurudev and Childress, L and Jiang, L and Togan, E and Maze, J and Jelezko, F and Zibrov, AS and Hemmer, PR and Lukin, MD},
  journal={Science},
  volume={316},
  number={5829},
  pages={1312--1316},
  year={2007},
  publisher={American Association for the Advancement of Science}
}

@article{neumann2013high,
  title={High-precision nanoscale temperature sensing using single defects in diamond},
  author={Neumann, Philipp and Jakobi, Ingmar and Dolde, Florian and Burk, Christian and Reuter, Rolf and Waldherr, Gerald and Honert, Jan and Wolf, Thomas and Brunner, Andreas and Shim, Jeong Hyun and others},
  journal={Nano letters},
  volume={13},
  number={6},
  pages={2738--2742},
  year={2013},
  publisher={ACS Publications}
}

@article{hodges2013timekeeping,
  title={Timekeeping with electron spin states in diamond},
  author={Hodges, Jonathan S and Yao, Norman Ying and Maclaurin, Dougal and Rastogi, C and Lukin, Mikhail D and Englund, D},
  journal={Physical Review A},
  volume={87},
  number={3},
  pages={032118},
  year={2013},
  publisher={APS}
}

@article{casola2018probing,
  title={Probing condensed matter physics with magnetometry based on nitrogen-vacancy centres in diamond},
  author={Casola, Francesco and van der Sar, Toeno and Yacoby, Amir},
  journal={Nature Reviews Materials},
  volume={3},
  pages={17088},
  year={2018},
  publisher={Nature Publishing Group}
}

@article{degen2008scanning,
  title={Scanning magnetic field microscope with a diamond single-spin sensor},
  author={Degen, CL},
  journal={Applied Physics Letters},
  volume={92},
  number={24},
  pages={243111},
  year={2008},
  publisher={AIP}
}

@article{chatzidrosos2017miniature,
  title={Miniature cavity-enhanced diamond magnetometer},
  author={Chatzidrosos, Georgios and Wickenbrock, Arne and Bougas, Lykourgos and Leefer, Nathan and Wu, Teng and Jensen, Kasper and Dumeige, Yannick and Budker, Dmitry},
  journal={Physical Review Applied},
  volume={8},
  number={4},
  pages={044019},
  year={2017},
  publisher={APS}
}

@article{dreau2011avoiding,
  title={Avoiding power broadening in optically detected magnetic resonance of single NV defects for enhanced dc magnetic field sensitivity},
  author={Dr{\'e}au, A and Lesik, M and Rondin, L and Spinicelli, P and Arcizet, O and Roch, J-F and Jacques, V},
  journal={Physical Review B},
  volume={84},
  number={19},
  pages={195204},
  year={2011},
  publisher={APS}
}

@article{angerer2016collective,
  title={Collective strong coupling with homogeneous Rabi frequencies using a 3D lumped element microwave resonator},
  author={Angerer, Andreas and Astner, Thomas and Wirtitsch, Daniel and Sumiya, Hitoshi and Onoda, Shinobu and Isoya, Junichi and Putz, Stefan and Majer, Johannes},
  journal={Applied Physics Letters},
  volume={109},
  number={3},
  pages={033508},
  year={2016},
  publisher={AIP Publishing}
}

@article{rose2017coherent,
  title={Coherent Rabi dynamics of a superradiant spin ensemble in a microwave cavity},
  author={Rose, BC and Tyryshkin, AM and Riemann, H and Abrosimov, NV and Becker, P and Pohl, H-J and Thewalt, MLW and Itoh, KM and Lyon, SA},
  journal={Physical Review X},
  volume={7},
  number={3},
  pages={031002},
  year={2017},
  publisher={APS}
}

@inproceedings{kapitanova2017dielectric,
  title={Dielectric resonator antenna for coupling to NV centers in diamond},
  author={Kapitanova, Polina and Soshenko, Vladimir and Vorobyov, Vadim and Dobrykh, Dmitry and Bolshedvorskiih, Stepan and Sorokin, Vadim and Akimov, Alexey},
  booktitle={AIP Conference Proceedings},
  volume={1874},
  number={1},
  pages={030017},
  year={2017},
  organization={AIP Publishing}
}

@article{mrozek2015circularly,
  title={Circularly polarized microwaves for magnetic resonance study in the GHz range: Application to nitrogen-vacancy in diamonds},
  author={Mr{\'o}zek, Mariusz and Mlynarczyk, Janusz and Rudnicki, Daniel S and Gawlik, Wojciech},
  journal={Applied Physics Letters},
  volume={107},
  number={1},
  pages={013505},
  year={2015},
  publisher={AIP Publishing}
}

@article{zhang2016microwave,
  title={Microwave magnetic field coupling with nitrogen-vacancy center ensembles in diamond with high homogeneity},
  author={Zhang, Ning and Zhang, Chen and Xu, Lixia and Ding, Ming and Quan, Wei and Tang, Zheng and Yuan, Heng},
  journal={Applied Magnetic Resonance},
  volume={47},
  number={6},
  pages={589--599},
  year={2016},
  publisher={Springer}
}

@article{pham2011magnetic,
  title={Magnetic field imaging with nitrogen-vacancy ensembles},
  author={Pham, Linh My and Le Sage, David and Stanwix, Paul L and Yeung, Tsun Kwan and Glenn, D and Trifonov, Alexei and Cappellaro, Paola and Hemmer, PR and Lukin, Mikhail D and Park, Hongkun and others},
  journal={New Journal of Physics},
  volume={13},
  number={4},
  pages={045021},
  year={2011},
  publisher={IOP Publishing}
}

@article{le2013optical,
  title={Optical magnetic imaging of living cells},
  author={Le Sage, D and Arai, K and Glenn, DR and DeVience, SJ and Pham, LM and Rahn-Lee, L and Lukin, MD and Yacoby, A and Komeili, A and Walsworth, RL},
  journal={Nature},
  volume={496},
  number={7446},
  pages={486},
  year={2013},
  publisher={Nature Publishing Group}
}

@article{toyli2010chip,
  title={Chip-scale nanofabrication of single spins and spin arrays in diamond},
  author={Toyli, David M and Weis, Christoph D and Fuchs, Gregory D and Schenkel, Thomas and Awschalom, David D},
  journal={Nano letters},
  volume={10},
  number={8},
  pages={3168--3172},
  year={2010},
  publisher={ACS Publications}
}

@article{steinert2013magnetic,
  title={Magnetic spin imaging under ambient conditions with sub-cellular resolution},
  author={Steinert, S and Ziem, F and Hall, LT and Zappe, A and Schweikert, M and G{\"o}tz, N and Aird, A and Balasubramanian, G and Hollenberg, L and Wrachtrup, J},
  journal={Nature communications},
  volume={4},
  pages={1607},
  year={2013},
  publisher={Nature Publishing Group}
}

@article{ibarra1997wide,
  title={Wide frequency dielectric properties of CVD diamond},
  author={Ibarra, A and Gonzalez, M and Vila, R and Molla, J},
  journal={Diamond and Related Materials},
  volume={6},
  number={5-7},
  pages={856--859},
  year={1997},
  publisher={Elsevier}
}

@article{balasubramanian2009ultralong,
  title={Ultralong spin coherence time in isotopically engineered diamond},
  author={Balasubramanian, Gopalakrishnan and Neumann, Philipp and Twitchen, Daniel and Markham, Matthew and Kolesov, Roman and Mizuochi, Norikazu and Isoya, Junichi and Achard, Jocelyn and Beck, Johannes and Tissler, Julia and others},
  journal={Nature materials},
  volume={8},
  number={5},
  pages={383},
  year={2009},
  publisher={Nature Publishing Group}
}

@article{hardy1981split,
  title={Split-ring resonator for use in magnetic resonance from 200--2000 MHz},
  author={Hardy, WN and Whitehead, LA},
  journal={Review of Scientific Instruments},
  volume={52},
  number={2},
  pages={213--216},
  year={1981},
  publisher={AIP}
}

@article{glenn2015single,
  title={Single-cell magnetic imaging using a quantum diamond microscope},
  author={Glenn, David R and Lee, Kyungheon and Park, Hongkun and Weissleder, Ralph and Yacoby, Amir and Lukin, Mikhail D and Lee, Hakho and Walsworth, Ronald L and Connolly, Colin B},
  journal={Nature methods},
  volume={12},
  number={8},
  pages={736},
  year={2015},
  publisher={Nature Publishing Group}
}

@article{matsuzaki2016optically,
  title={Optically detected magnetic resonance of high-density ensemble of NV- centers in diamond},
  author={Matsuzaki, Yuichiro and Morishita, Hiroki and Shimooka, Takaaki and Tashima, Toshiyuki and Kakuyanagi, Kosuke and Semba, Kouichi and Munro, WJ and Yamaguchi, Hiroshi and Mizuochi, Norikazu and Saito, Shiro},
  journal={Journal of Physics: Condensed Matter},
  volume={28},
  number={27},
  pages={275302},
  year={2016},
  publisher={IOP Publishing}
}

@article{knowles2014observing,
  title={Observing bulk diamond spin coherence in high-purity nanodiamonds},
  author={Knowles, Helena S and Kara, Dhiren M and Atat{\"u}re, Mete},
  journal={Nature materials},
  volume={13},
  number={1},
  pages={21},
  year={2014},
  publisher={Nature Publishing Group}
}

@article{chipaux2015magnetic,
  title={Magnetic imaging with an ensemble of nitrogen-vacancy centers in diamond},
  author={Chipaux, Mayeul and Tallaire, Alexandre and Achard, Jocelyn and Pezzagna, S{\'e}bastien and Meijer, Jan and Jacques, Vincent and Roch, Jean-Fran{\c{c}}ois and Debuisschert, Thierry},
  journal={The European Physical Journal D},
  volume={69},
  number={7},
  pages={166},
  year={2015},
  publisher={Springer}
}

@article{andrich2017long,
  title={Long-range spin wave mediated control of defect qubits in nanodiamonds},
  author={Andrich, Paolo and Charles, F and Liu, Xiaoying and Bretscher, Hope L and Berman, Jonson R and Heremans, F Joseph and Nealey, Paul F and Awschalom, David D},
  journal={npj Quantum Information},
  volume={3},
  number={1},
  pages={28},
  year={2017},
  publisher={Nature Publishing Group}
}

@article{li2010design,
  title={Design and application of a near field microwave antenna for the spin control of nitrogen-vacancy centers},
  author={Li-Li, Yang and Qang-Qin, Liu and Xin-Yu, Pan and Dong-Min, Chen},
  journal={Chinese Physics Letters},
  volume={27},
  number={3},
  pages={038401},
  year={2010},
  publisher={IOP Publishing}
}

@article{horowitz2012electron,
  title={Electron spin resonance of nitrogen-vacancy centers in optically trapped nanodiamonds},
  author={Horowitz, Viva R and Alem{\'a}n, Benjam{\'\i}n J and Christle, David J and Cleland, Andrew N and Awschalom, David D},
  journal={Proceedings of the National Academy of Sciences},
  volume={109},
  number={34},
  pages={13493--13497},
  year={2012},
  publisher={National Acad Sciences}
}

@article{glenn2017micrometer,
  title={Micrometer-scale magnetic imaging of geological samples using a quantum diamond microscope},
  author={Glenn, David R and Fu, Roger R and Kehayias, Pauli and Le Sage, David and Lima, Eduardo A and Weiss, Benjamin P and Walsworth, Ronald L},
  journal={Geochemistry, Geophysics, Geosystems},
  year={2017},
  publisher={Wiley Online Library}
}